[gd_scene load_steps=16 format=3 uid="uid://dxlci55pedd1k"]

[ext_resource type="Script" path="res://src/scenes/menus/MainMenu.gd" id="1_0bos0"]
[ext_resource type="Resource" uid="uid://mwf8bpxjxioo" path="res://src/scenes/commons/State.tres" id="2_endwe"]
[ext_resource type="Theme" uid="uid://ciac3tt6mx3e6" path="res://src/assets/Label.tres" id="2_u0n06"]
[ext_resource type="Texture2D" uid="uid://c3p7wjhetm4wa" path="res://src/assets/textures/backgrounds/BG3.png" id="3_8ctlr"]
[ext_resource type="Texture2D" uid="uid://cyxmbfo3k6uhx" path="res://src/assets/sprites/ui/Exemple.png" id="5_wrcxb"]
[ext_resource type="FontFile" uid="uid://dnlx5lagigw64" path="res://src/assets/fonts/SEGUIBL.TTF" id="6_1d6il"]
[ext_resource type="PackedScene" uid="uid://x6tquke6m2j5" path="res://src/scenes/commons/Controls.tscn" id="6_cc1kv"]
[ext_resource type="Texture2D" uid="uid://dkmmsfn06fk7x" path="res://src/assets/sprites/ui/Tournament.png" id="6_sj3tm"]
[ext_resource type="PackedScene" uid="uid://deb32nnht7cda" path="res://src/scenes/commons/Fullscreen.tscn" id="8_7yf02"]
[ext_resource type="Texture2D" uid="uid://cyal5ygfcfe0y" path="res://src/assets/sprites/ui/TournamentChart.png" id="10_g3ibn"]
[ext_resource type="Texture2D" uid="uid://dxb4cdgxf62qd" path="res://src/assets/sprites/ui/CorrectedTournamentChart.png" id="11_0ll6k"]
[ext_resource type="Texture2D" uid="uid://c2a33vlpyb2bh" path="res://src/assets/sprites/particles/Smoke.png" id="12_fts0o"]

[sub_resource type="Gradient" id="Gradient_0pdy0"]
offsets = PackedFloat32Array(0, 0.208065, 0.782258, 1)
colors = PackedColorArray(1, 1, 1, 0, 1, 1, 1, 1, 1, 1, 1, 1, 1, 1, 1, 0)

[sub_resource type="Gradient" id="Gradient_t5nfe"]
colors = PackedColorArray(0.746962, 0.3803, 1.92523e-07, 1, 1, 1, 1, 1)

[sub_resource type="StyleBoxFlat" id="StyleBoxFlat_8t7ky"]
bg_color = Color(0, 0, 0, 0.784314)

[node name="MainMenu" type="Control"]
layout_mode = 3
anchors_preset = 15
anchor_right = 1.0
anchor_bottom = 1.0
grow_horizontal = 2
grow_vertical = 2
script = ExtResource("1_0bos0")
State = ExtResource("2_endwe")

[node name="TextureRect" type="TextureRect" parent="."]
layout_mode = 1
anchors_preset = 15
anchor_right = 1.0
anchor_bottom = 1.0
grow_horizontal = 2
grow_vertical = 2
texture = ExtResource("3_8ctlr")
expand_mode = 1

[node name="CPUParticles2D" type="CPUParticles2D" parent="."]
position = Vector2(960, 540)
amount = 20
lifetime = 12.0
preprocess = 12.0
texture = ExtResource("12_fts0o")
emission_shape = 3
emission_rect_extents = Vector2(1085, 665)
spread = 180.0
gravity = Vector2(0, 0)
initial_velocity_max = 30.0
angular_velocity_min = -15.0
angular_velocity_max = 15.0
angle_max = 360.0
scale_amount_min = 0.5
color = Color(1, 1, 1, 0.25098)
color_ramp = SubResource("Gradient_0pdy0")
color_initial_ramp = SubResource("Gradient_t5nfe")

[node name="Label" type="Label" parent="."]
layout_mode = 1
anchors_preset = -1
anchor_right = 0.55
anchor_bottom = 0.385185
theme = ExtResource("2_u0n06")
theme_override_colors/font_color = Color(0.862745, 0.784314, 0, 1)
theme_override_colors/font_shadow_color = Color(0.25098, 0.12549, 0, 1)
theme_override_colors/font_outline_color = Color(1, 0.501961, 0, 1)
theme_override_constants/shadow_offset_x = 8
theme_override_constants/shadow_offset_y = 8
theme_override_constants/outline_size = 6
theme_override_constants/shadow_outline_size = 6
theme_override_font_sizes/font_size = 128
text = "Myndor"
horizontal_alignment = 1
vertical_alignment = 1
metadata/_edit_use_anchors_ = true

[node name="Match" type="Button" parent="."]
layout_mode = 1
anchors_preset = -1
anchor_left = 0.6
anchor_top = 0.0888889
anchor_right = 0.933167
anchor_bottom = 0.207
offset_right = 0.319946
offset_bottom = 0.440002
focus_neighbor_left = NodePath("../Quit")
focus_neighbor_top = NodePath("../Quit")
focus_neighbor_right = NodePath("../Duel")
focus_neighbor_bottom = NodePath("../Duel")
focus_next = NodePath("../Duel")
focus_previous = NodePath("../Quit")
theme = ExtResource("2_u0n06")
text = "Match"
metadata/_edit_use_anchors_ = true

[node name="Duel" type="Button" parent="."]
visible = false
layout_mode = 1
anchors_preset = -1
anchor_left = 0.6
anchor_top = 0.207407
anchor_right = 0.933167
anchor_bottom = 0.325518
offset_right = 0.319946
offset_bottom = 0.440002
focus_neighbor_left = NodePath("../Match")
focus_neighbor_top = NodePath("../Match")
focus_neighbor_right = NodePath("../HowToPlay")
focus_neighbor_bottom = NodePath("../HowToPlay")
focus_next = NodePath("../HowToPlay")
focus_previous = NodePath("../Match")
theme = ExtResource("2_u0n06")
text = "Duel"
metadata/_edit_use_anchors_ = true

[node name="HowToPlay" type="Button" parent="."]
layout_mode = 1
anchors_preset = -1
anchor_left = 0.6
anchor_top = 0.296296
anchor_right = 0.933167
anchor_bottom = 0.414407
offset_right = 0.319946
offset_bottom = 0.440002
focus_neighbor_left = NodePath("../Duel")
focus_neighbor_top = NodePath("../Duel")
focus_neighbor_right = NodePath("../LevelEditor")
focus_neighbor_bottom = NodePath("../LevelEditor")
focus_next = NodePath("../LevelEditor")
focus_previous = NodePath("../Duel")
theme = ExtResource("2_u0n06")
text = "Comment jouer"
metadata/_edit_use_anchors_ = true

[node name="LevelEditor" type="Button" parent="."]
layout_mode = 1
anchors_preset = -1
anchor_left = 0.6
anchor_top = 0.503704
anchor_right = 0.933167
anchor_bottom = 0.621816
offset_right = 0.32
offset_bottom = 0.44
focus_neighbor_left = NodePath("../HowToPlay")
focus_neighbor_top = NodePath("../HowToPlay")
focus_neighbor_right = NodePath("../Options")
focus_neighbor_bottom = NodePath("../Options")
focus_next = NodePath("../Options")
focus_previous = NodePath("../HowToPlay")
theme = ExtResource("2_u0n06")
text = "Editeur de niveau"
metadata/_edit_use_anchors_ = true

[node name="Options" type="Button" parent="."]
layout_mode = 1
anchors_preset = -1
anchor_left = 0.6
anchor_top = 0.711111
anchor_right = 0.933167
anchor_bottom = 0.829222
offset_right = 0.32
offset_bottom = 0.44
focus_neighbor_left = NodePath("../LevelEditor")
focus_neighbor_top = NodePath("../LevelEditor")
focus_neighbor_right = NodePath("../Quit")
focus_neighbor_bottom = NodePath("../Quit")
focus_next = NodePath("../Quit")
focus_previous = NodePath("../LevelEditor")
theme = ExtResource("2_u0n06")
text = "Options"
metadata/_edit_use_anchors_ = true

[node name="Quit" type="Button" parent="."]
visible = false
layout_mode = 1
anchors_preset = -1
anchor_left = 0.6
anchor_top = 0.8
anchor_right = 0.933167
anchor_bottom = 0.918111
offset_right = 0.32
offset_bottom = 0.44
focus_neighbor_left = NodePath("../Options")
focus_neighbor_top = NodePath("../Options")
focus_neighbor_right = NodePath("../Match")
focus_neighbor_bottom = NodePath("../Match")
focus_next = NodePath("../Match")
focus_previous = NodePath("../Options")
theme = ExtResource("2_u0n06")
text = "Quitter"
metadata/_edit_use_anchors_ = true

[node name="Description" type="Label" parent="."]
visible = false
layout_mode = 0
offset_left = 64.0
offset_top = 832.0
offset_right = 1120.0
offset_bottom = 1024.0
theme = ExtResource("2_u0n06")
text = "Ceci est une description"
horizontal_alignment = 1
vertical_alignment = 1
autowrap_mode = 3

[node name="Version" type="Label" parent="."]
layout_mode = 0
offset_left = 24.0
offset_top = 1016.0
offset_right = 344.0
offset_bottom = 1064.0
theme = ExtResource("2_u0n06")
theme_override_font_sizes/font_size = 32
text = "0.3.0"
vertical_alignment = 1
autowrap_mode = 3

[node name="Fullscreen" parent="." instance=ExtResource("8_7yf02")]
layout_mode = 1
anchor_left = 0.93125
anchor_top = 0.881481
anchor_right = 0.998958
anchor_bottom = 1.00185
offset_right = 390.0
offset_bottom = 390.0
grow_horizontal = 1
grow_vertical = 1
scale = Vector2(0.25, 0.25)

[node name="ShowTournament" type="Button" parent="."]
layout_mode = 0
offset_left = 1632.0
offset_top = 952.0
offset_right = 1896.0
offset_bottom = 1216.0
scale = Vector2(0.5, 0.5)
icon = ExtResource("6_sj3tm")

[node name="HowToPlayPanel" type="Panel" parent="."]
visible = false
layout_mode = 1
anchors_preset = 15
anchor_right = 1.0
anchor_bottom = 1.0
grow_horizontal = 2
grow_vertical = 2
theme_override_styles/panel = SubResource("StyleBoxFlat_8t7ky")

[node name="Page0" type="Control" parent="HowToPlayPanel"]
layout_mode = 1
anchors_preset = 15
anchor_right = 1.0
anchor_bottom = 1.0
grow_horizontal = 2
grow_vertical = 2
mouse_filter = 2

[node name="Label" type="Label" parent="HowToPlayPanel/Page0"]
layout_mode = 1
anchors_preset = 10
anchor_right = 1.0
offset_left = 96.0
offset_top = 32.0
offset_right = -96.0
offset_bottom = 236.0
grow_horizontal = 2
theme = ExtResource("2_u0n06")
text = "Bienvenue dans \"Myndor\".
Vous allez devoir récupérer assez d'or dans le niveau avant que votre adversaire ne s'en empare, et marquer un maximum de points !"
horizontal_alignment = 1
vertical_alignment = 1
autowrap_mode = 2

[node name="Label2" type="Label" parent="HowToPlayPanel/Page0"]
layout_mode = 1
anchors_preset = 10
anchor_right = 1.0
offset_left = 32.0
offset_top = 848.0
offset_right = -32.0
offset_bottom = 992.0
grow_horizontal = 2
theme = ExtResource("2_u0n06")
text = "Ce jeu est recommandé pour deux joueurs jouant sur le même clavier"
horizontal_alignment = 1
vertical_alignment = 1
autowrap_mode = 2

[node name="TextureRect" type="TextureRect" parent="HowToPlayPanel/Page0"]
layout_mode = 1
anchors_preset = -1
anchor_left = 0.222917
anchor_top = 0.22963
anchor_right = 0.777604
anchor_bottom = 0.77037
offset_right = -6.10352e-05
grow_horizontal = 2
grow_vertical = 2
texture = ExtResource("5_wrcxb")
expand_mode = 1
metadata/_edit_use_anchors_ = true

[node name="Page1" type="Control" parent="HowToPlayPanel"]
visible = false
layout_mode = 1
anchors_preset = 15
anchor_right = 1.0
anchor_bottom = 1.0
grow_horizontal = 2
grow_vertical = 2
mouse_filter = 2

[node name="Label" type="Label" parent="HowToPlayPanel/Page1"]
layout_mode = 1
anchors_preset = 10
anchor_right = 1.0
offset_left = 96.0
offset_top = 32.0
offset_right = -96.0
offset_bottom = 167.0
grow_horizontal = 2
theme = ExtResource("2_u0n06")
text = "Contrôlez votre barre afin d'orienter votre palet de minage vers les filons d'or. Celui qui amasse suffisamment d'or met fin à la partie !"
horizontal_alignment = 1
vertical_alignment = 1
autowrap_mode = 2

[node name="Label2" type="Label" parent="HowToPlayPanel/Page1"]
modulate = Color(0, 0, 1, 0.752941)
layout_mode = 1
anchors_preset = 10
anchor_right = 1.0
offset_left = 32.0
offset_top = 192.0
offset_right = -1504.0
offset_bottom = 258.0
grow_horizontal = 2
theme = ExtResource("2_u0n06")
text = "Joueur bleu"
horizontal_alignment = 1
vertical_alignment = 1
autowrap_mode = 2

[node name="Label3" type="Label" parent="HowToPlayPanel/Page1"]
modulate = Color(1, 0, 0, 0.752941)
layout_mode = 1
anchors_preset = 10
anchor_right = 1.0
offset_left = 1504.0
offset_top = 192.0
offset_right = -32.0
offset_bottom = 258.0
grow_horizontal = 2
theme = ExtResource("2_u0n06")
text = "Joueur rouge"
horizontal_alignment = 1
vertical_alignment = 1
autowrap_mode = 2

[node name="TextureRect" type="TextureRect" parent="HowToPlayPanel/Page1"]
layout_mode = 1
anchors_preset = 8
anchor_left = 0.5
anchor_top = 0.5
anchor_right = 0.5
anchor_bottom = 0.5
offset_left = -537.0
offset_top = -267.0
offset_right = 538.0
offset_bottom = 381.0
grow_horizontal = 2
grow_vertical = 2
texture = ExtResource("5_wrcxb")
expand_mode = 1

[node name="Line2D" type="Line2D" parent="HowToPlayPanel/Page1"]
position = Vector2(0, 144)
points = PackedVector2Array(352, 160, 416, 160)

[node name="Label2" type="Label" parent="HowToPlayPanel/Page1/Line2D"]
anchors_preset = 10
anchor_right = 1.0
offset_left = 64.0
offset_top = 120.0
offset_right = 352.0
offset_bottom = 186.0
grow_horizontal = 2
theme = ExtResource("2_u0n06")
text = "Jauge d'or"
horizontal_alignment = 1
vertical_alignment = 1
autowrap_mode = 2
metadata/_edit_use_anchors_ = true

[node name="Line2D2" type="Line2D" parent="HowToPlayPanel/Page1"]
position = Vector2(1520, 144)
points = PackedVector2Array(-16, 160, 48, 160)

[node name="Label2" type="Label" parent="HowToPlayPanel/Page1/Line2D2"]
anchors_preset = 10
anchor_right = 1.0
offset_left = 48.0
offset_top = 120.0
offset_right = 336.0
offset_bottom = 186.0
grow_horizontal = 2
theme = ExtResource("2_u0n06")
text = "Jauge d'or"
horizontal_alignment = 1
vertical_alignment = 1
autowrap_mode = 2
metadata/_edit_use_anchors_ = true

[node name="Line2D3" type="Line2D" parent="HowToPlayPanel/Page1"]
position = Vector2(0, 424)
points = PackedVector2Array(352, 160, 448, 160)

[node name="Label2" type="Label" parent="HowToPlayPanel/Page1/Line2D3"]
anchors_preset = 10
anchor_right = 1.0
offset_left = 192.0
offset_top = 120.0
offset_right = 352.0
offset_bottom = 186.0
grow_horizontal = 2
theme = ExtResource("2_u0n06")
text = "Barre"
horizontal_alignment = 1
vertical_alignment = 1
autowrap_mode = 2
metadata/_edit_use_anchors_ = true

[node name="Line2D4" type="Line2D" parent="HowToPlayPanel/Page1"]
position = Vector2(1120, 424)
points = PackedVector2Array(352, 160, 448, 160)

[node name="Label2" type="Label" parent="HowToPlayPanel/Page1/Line2D4"]
anchors_preset = 10
anchor_right = 1.0
offset_left = 448.0
offset_top = 128.0
offset_right = 608.0
offset_bottom = 194.0
grow_horizontal = 2
theme = ExtResource("2_u0n06")
text = "Barre"
horizontal_alignment = 1
vertical_alignment = 1
autowrap_mode = 2
metadata/_edit_use_anchors_ = true

[node name="Line2D5" type="Line2D" parent="HowToPlayPanel/Page1"]
position = Vector2(136, 592)
points = PackedVector2Array(216, 160, 448, 160)

[node name="Label2" type="Label" parent="HowToPlayPanel/Page1/Line2D5"]
anchors_preset = 10
anchor_right = 1.0
offset_left = -8.0
offset_top = 88.0
offset_right = 216.0
offset_bottom = 223.0
grow_horizontal = 2
theme = ExtResource("2_u0n06")
text = "Palet de minage"
horizontal_alignment = 1
vertical_alignment = 1
autowrap_mode = 2
metadata/_edit_use_anchors_ = true

[node name="Line2D6" type="Line2D" parent="HowToPlayPanel/Page1"]
position = Vector2(1088, 314)
points = PackedVector2Array(216, 160, 448, 160)

[node name="Label2" type="Label" parent="HowToPlayPanel/Page1/Line2D6"]
anchors_preset = 10
anchor_right = 1.0
offset_left = 456.0
offset_top = 86.0
offset_right = 680.0
offset_bottom = 221.0
grow_horizontal = 2
theme = ExtResource("2_u0n06")
text = "Palet de minage"
horizontal_alignment = 1
vertical_alignment = 1
autowrap_mode = 2
metadata/_edit_use_anchors_ = true

[node name="Line2D7" type="Line2D" parent="HowToPlayPanel/Page1"]
position = Vector2(594, 712)
points = PackedVector2Array(214, 160, 214, 232)

[node name="Line2D2" type="Line2D" parent="HowToPlayPanel/Page1/Line2D7"]
position = Vector2(-42, 184)
points = PackedVector2Array(240, -24, 240, -96, 272, -96, 272, -24)
closed = true
width = 5.0

[node name="Label2" type="Label" parent="HowToPlayPanel/Page1/Line2D7"]
anchors_preset = 10
anchor_right = 1.0
offset_left = 94.0
offset_top = 232.0
offset_right = 334.0
offset_bottom = 304.0
grow_horizontal = 2
theme = ExtResource("2_u0n06")
text = "Pierre
"
horizontal_alignment = 1
vertical_alignment = 1
autowrap_mode = 2
metadata/_edit_use_anchors_ = true

[node name="Line2D8" type="Line2D" parent="HowToPlayPanel/Page1"]
position = Vector2(840, 720)
points = PackedVector2Array(256, -24, 256, 224)

[node name="Line2D" type="Line2D" parent="HowToPlayPanel/Page1/Line2D8"]
points = PackedVector2Array(240, -24, 240, -96, 272, -96, 272, -24)
closed = true
width = 5.0

[node name="Label2" type="Label" parent="HowToPlayPanel/Page1/Line2D8"]
anchors_preset = 10
anchor_right = 1.0
offset_left = 136.0
offset_top = 224.0
offset_right = 376.0
offset_bottom = 296.0
grow_horizontal = 2
theme = ExtResource("2_u0n06")
text = "Or"
horizontal_alignment = 1
vertical_alignment = 1
autowrap_mode = 2

[node name="Page2" type="Control" parent="HowToPlayPanel"]
visible = false
layout_mode = 1
anchors_preset = 15
anchor_right = 1.0
anchor_bottom = 1.0
grow_horizontal = 2
grow_vertical = 2
mouse_filter = 2

[node name="Label" type="Label" parent="HowToPlayPanel/Page2"]
layout_mode = 1
anchors_preset = 10
anchor_right = 1.0
offset_left = 96.0
offset_top = 16.0
offset_right = -96.0
offset_bottom = 112.0
grow_horizontal = 2
theme = ExtResource("2_u0n06")
text = "Chaque palet de minage peut marquer un but dans chaque camp"
horizontal_alignment = 1
vertical_alignment = 1
autowrap_mode = 2

[node name="Label2" type="Label" parent="HowToPlayPanel/Page2"]
modulate = Color(0, 0, 1, 0.752941)
layout_mode = 1
anchors_preset = 10
anchor_right = 1.0
offset_left = 32.0
offset_top = 160.0
offset_right = -1504.0
offset_bottom = 226.0
grow_horizontal = 2
theme = ExtResource("2_u0n06")
text = "Joueur bleu"
horizontal_alignment = 1
vertical_alignment = 1
autowrap_mode = 2

[node name="Label3" type="Label" parent="HowToPlayPanel/Page2"]
modulate = Color(1, 0, 0, 0.752941)
layout_mode = 1
anchors_preset = 10
anchor_right = 1.0
offset_left = 1504.0
offset_top = 160.0
offset_right = -32.0
offset_bottom = 226.0
grow_horizontal = 2
theme = ExtResource("2_u0n06")
text = "Joueur rouge"
horizontal_alignment = 1
vertical_alignment = 1
autowrap_mode = 2

[node name="TextureRect" type="TextureRect" parent="HowToPlayPanel/Page2"]
layout_mode = 1
anchors_preset = 8
anchor_left = 0.5
anchor_top = 0.5
anchor_right = 0.5
anchor_bottom = 0.5
offset_left = -537.0
offset_top = -267.0
offset_right = 538.0
offset_bottom = 381.0
grow_horizontal = 2
grow_vertical = 2
texture = ExtResource("5_wrcxb")
expand_mode = 1

[node name="Line2D3" type="Line2D" parent="HowToPlayPanel/Page2"]
position = Vector2(0, 424)
points = PackedVector2Array(416, 24, 416, 392, 456, 392, 456, 24)
closed = true

[node name="Label2" type="Label" parent="HowToPlayPanel/Page2/Line2D3"]
anchors_preset = 10
anchor_right = 1.0
offset_left = 264.0
offset_top = 176.0
offset_right = 424.0
offset_bottom = 242.0
grow_horizontal = 2
theme = ExtResource("2_u0n06")
text = "But"
horizontal_alignment = 1
vertical_alignment = 1
autowrap_mode = 2
metadata/_edit_use_anchors_ = true

[node name="Line2D4" type="Line2D" parent="HowToPlayPanel/Page2"]
position = Vector2(1048, 424)
points = PackedVector2Array(416, 24, 416, 392, 456, 392, 456, 24)
closed = true

[node name="Label2" type="Label" parent="HowToPlayPanel/Page2/Line2D4"]
anchors_preset = 10
anchor_right = 1.0
offset_left = 448.0
offset_top = 176.0
offset_right = 608.0
offset_bottom = 242.0
grow_horizontal = 2
theme = ExtResource("2_u0n06")
text = "But"
horizontal_alignment = 1
vertical_alignment = 1
autowrap_mode = 2
metadata/_edit_use_anchors_ = true

[node name="Page3" type="Control" parent="HowToPlayPanel"]
visible = false
layout_mode = 1
anchors_preset = 15
anchor_right = 1.0
anchor_bottom = 1.0
grow_horizontal = 2
grow_vertical = 2
mouse_filter = 2

[node name="Label" type="Label" parent="HowToPlayPanel/Page3"]
layout_mode = 1
anchors_preset = 10
anchor_right = 1.0
offset_left = 32.0
offset_top = 16.0
offset_right = -32.0
offset_bottom = 112.0
grow_horizontal = 2
theme = ExtResource("2_u0n06")
text = "Il y a plusieurs façon de marquer des points :"
horizontal_alignment = 1
vertical_alignment = 1
autowrap_mode = 2

[node name="Label6" type="Label" parent="HowToPlayPanel/Page3"]
layout_mode = 1
anchors_preset = 10
anchor_right = 1.0
offset_left = 128.0
offset_top = 224.0
offset_right = -128.0
offset_bottom = 320.0
grow_horizontal = 2
theme = ExtResource("2_u0n06")
text = "- Etre celui qui a miné le plus d'or"
vertical_alignment = 1
autowrap_mode = 2

[node name="Label9" type="Label" parent="HowToPlayPanel/Page3/Label6"]
layout_mode = 1
anchors_preset = 10
anchor_right = 1.0
offset_top = 2.0
offset_bottom = 98.0
grow_horizontal = 2
theme = ExtResource("2_u0n06")
text = "+500 points"
horizontal_alignment = 2
vertical_alignment = 1
autowrap_mode = 2

[node name="Label2" type="Label" parent="HowToPlayPanel/Page3"]
layout_mode = 1
anchors_preset = 10
anchor_right = 1.0
offset_left = 128.0
offset_top = 416.0
offset_right = -128.0
offset_bottom = 512.0
grow_horizontal = 2
theme = ExtResource("2_u0n06")
text = "- Miner autre chose (généralement)"
vertical_alignment = 1
autowrap_mode = 2

[node name="Label7" type="Label" parent="HowToPlayPanel/Page3/Label2"]
layout_mode = 1
anchors_preset = 10
anchor_right = 1.0
offset_top = 2.0
offset_bottom = 98.0
grow_horizontal = 2
theme = ExtResource("2_u0n06")
text = "+20 points"
horizontal_alignment = 2
vertical_alignment = 1
autowrap_mode = 2

[node name="Label3" type="Label" parent="HowToPlayPanel/Page3"]
layout_mode = 1
anchors_preset = 10
anchor_right = 1.0
offset_left = 128.0
offset_top = 320.0
offset_right = -128.0
offset_bottom = 416.0
grow_horizontal = 2
theme = ExtResource("2_u0n06")
text = "- Miner de l'or"
vertical_alignment = 1
autowrap_mode = 2

[node name="Label8" type="Label" parent="HowToPlayPanel/Page3/Label3"]
layout_mode = 1
anchors_preset = 10
anchor_right = 1.0
offset_top = 2.0
offset_bottom = 98.0
grow_horizontal = 2
theme = ExtResource("2_u0n06")
text = "+100 points"
horizontal_alignment = 2
vertical_alignment = 1
autowrap_mode = 2

[node name="Label4" type="Label" parent="HowToPlayPanel/Page3"]
layout_mode = 1
anchors_preset = 10
anchor_right = 1.0
offset_left = 128.0
offset_top = 512.0
offset_right = -128.0
offset_bottom = 608.0
grow_horizontal = 2
theme = ExtResource("2_u0n06")
text = "- But chez l'adversaire (5 fois max.)"
vertical_alignment = 1
autowrap_mode = 2

[node name="Label9" type="Label" parent="HowToPlayPanel/Page3/Label4"]
layout_mode = 1
anchors_preset = 10
anchor_right = 1.0
offset_top = 2.0
offset_bottom = 98.0
grow_horizontal = 2
theme = ExtResource("2_u0n06")
text = "+50 points"
horizontal_alignment = 2
vertical_alignment = 1
autowrap_mode = 2

[node name="Label5" type="Label" parent="HowToPlayPanel/Page3"]
layout_mode = 1
anchors_preset = 10
anchor_right = 1.0
offset_left = 128.0
offset_top = 608.0
offset_right = -128.0
offset_bottom = 704.0
grow_horizontal = 2
theme = ExtResource("2_u0n06")
text = "- But contre son camp"
vertical_alignment = 1
autowrap_mode = 2

[node name="Label10" type="Label" parent="HowToPlayPanel/Page3/Label5"]
layout_mode = 1
anchors_preset = 10
anchor_right = 1.0
offset_top = 2.0
offset_bottom = 98.0
grow_horizontal = 2
theme = ExtResource("2_u0n06")
text = "-50 points"
horizontal_alignment = 2
vertical_alignment = 1
autowrap_mode = 2

[node name="Page4" type="Control" parent="HowToPlayPanel"]
visible = false
layout_mode = 1
anchors_preset = 15
anchor_right = 1.0
anchor_bottom = 1.0
grow_horizontal = 2
grow_vertical = 2
mouse_filter = 2

[node name="Controls" parent="HowToPlayPanel/Page4" instance=ExtResource("6_cc1kv")]
process_mode = 4
layout_mode = 1
offset_top = -136.0
offset_bottom = -136.0

[node name="Label1" type="Label" parent="HowToPlayPanel/Page4"]
layout_mode = 1
anchors_preset = 10
anchor_right = 1.0
offset_left = 32.0
offset_top = 32.0
offset_right = -32.0
offset_bottom = 128.0
grow_horizontal = 2
theme = ExtResource("2_u0n06")
text = "Voici les contrôles :"
horizontal_alignment = 1
vertical_alignment = 1
autowrap_mode = 2

[node name="Label2" type="Label" parent="HowToPlayPanel/Page4"]
layout_mode = 1
anchors_preset = 10
anchor_right = 1.0
offset_left = 448.0
offset_top = 416.0
offset_right = -1120.0
offset_bottom = 512.0
grow_horizontal = 2
theme = ExtResource("2_u0n06")
text = "Lancer la balle"
horizontal_alignment = 1
vertical_alignment = 1
autowrap_mode = 2

[node name="Label3" type="Label" parent="HowToPlayPanel/Page4"]
layout_mode = 1
anchors_preset = 10
anchor_right = 1.0
offset_left = 1120.0
offset_top = 416.0
offset_right = -448.0
offset_bottom = 512.0
grow_horizontal = 2
theme = ExtResource("2_u0n06")
text = "Lancer la balle"
horizontal_alignment = 1
vertical_alignment = 1
autowrap_mode = 2

[node name="Label4" type="Label" parent="HowToPlayPanel/Page4"]
layout_mode = 1
anchors_preset = 10
anchor_right = 1.0
offset_left = 32.0
offset_top = 464.0
offset_right = -1664.0
offset_bottom = 668.0
grow_horizontal = 2
theme = ExtResource("2_u0n06")
text = "Changer d'exten-
sion*"
horizontal_alignment = 1
vertical_alignment = 1
autowrap_mode = 2

[node name="Label5" type="Label" parent="HowToPlayPanel/Page4"]
layout_mode = 1
anchors_preset = 10
anchor_right = 1.0
offset_left = 1664.0
offset_top = 464.0
offset_right = -32.0
offset_bottom = 668.0
grow_horizontal = 2
theme = ExtResource("2_u0n06")
text = "Changer d'exten-
sion*"
horizontal_alignment = 1
vertical_alignment = 1
autowrap_mode = 2

[node name="Label6" type="Label" parent="HowToPlayPanel/Page4"]
layout_mode = 1
anchors_preset = 10
anchor_right = 1.0
offset_left = 32.0
offset_top = 912.0
offset_right = -512.0
offset_bottom = 1047.0
grow_horizontal = 2
theme = ExtResource("2_u0n06")
text = "*permet de receptionner le palet différement, ne fonctionne pas au lancement"
horizontal_alignment = 1
vertical_alignment = 1
autowrap_mode = 2

[node name="Page5" type="Control" parent="HowToPlayPanel"]
visible = false
layout_mode = 1
anchors_preset = 15
anchor_right = 1.0
anchor_bottom = 1.0
grow_horizontal = 2
grow_vertical = 2
mouse_filter = 2

[node name="Label" type="Label" parent="HowToPlayPanel/Page5"]
layout_mode = 1
anchors_preset = 10
anchor_right = 1.0
offset_left = 128.0
offset_top = 128.0
offset_right = -128.0
offset_bottom = 960.0
grow_horizontal = 2
theme = ExtResource("2_u0n06")
text = "Si c'est la première fois que vous jouez, je vous conseille de faire les niveaux \"dans l'ordre\" en mode \"Match\".

Amusez-vous bien !"
horizontal_alignment = 1
vertical_alignment = 1
autowrap_mode = 2

[node name="Back" type="Button" parent="HowToPlayPanel"]
layout_mode = 0
offset_left = 1448.0
offset_top = 968.0
offset_right = 1560.0
offset_bottom = 1080.0
focus_neighbor_left = NodePath("../Next")
focus_neighbor_top = NodePath("../Next")
focus_neighbor_right = NodePath("../Next")
focus_neighbor_bottom = NodePath("../Next")
focus_next = NodePath("../Next")
focus_previous = NodePath("../Next")
theme = ExtResource("2_u0n06")
theme_override_fonts/font = ExtResource("6_1d6il")
theme_override_font_sizes/font_size = 64
text = "◄"

[node name="Next" type="Button" parent="HowToPlayPanel"]
layout_mode = 0
offset_left = 1576.0
offset_top = 968.0
offset_right = 1688.0
offset_bottom = 1080.0
focus_neighbor_left = NodePath("../Back")
focus_neighbor_top = NodePath("../Back")
focus_neighbor_right = NodePath("../Back")
focus_neighbor_bottom = NodePath("../Back")
focus_next = NodePath("../Back")
focus_previous = NodePath("../Back")
theme = ExtResource("2_u0n06")
theme_override_fonts/font = ExtResource("6_1d6il")
theme_override_font_sizes/font_size = 64
text = "►"

[node name="PageCount" type="Label" parent="HowToPlayPanel"]
layout_mode = 1
anchors_preset = 10
anchor_right = 1.0
offset_left = 1704.0
offset_top = 968.0
offset_right = -8.0
offset_bottom = 1080.0
grow_horizontal = 2
theme = ExtResource("2_u0n06")
text = "0 / 6"
horizontal_alignment = 1
vertical_alignment = 1
autowrap_mode = 2

[node name="Exit" type="Button" parent="HowToPlayPanel"]
layout_mode = 0
offset_left = 1824.0
offset_top = 4.0
offset_right = 1920.0
offset_bottom = 100.0
focus_neighbor_left = NodePath("../Back")
focus_neighbor_top = NodePath("../Back")
focus_neighbor_right = NodePath("../Back")
focus_neighbor_bottom = NodePath("../Back")
focus_next = NodePath("../Back")
focus_previous = NodePath("../Back")
theme = ExtResource("2_u0n06")
theme_override_fonts/font = ExtResource("6_1d6il")
theme_override_font_sizes/font_size = 64
text = "X"

[node name="Tournament" type="Panel" parent="."]
visible = false
layout_mode = 1
anchors_preset = 15
anchor_right = 1.0
anchor_bottom = 1.0
grow_horizontal = 2
grow_vertical = 2
metadata/_edit_lock_ = true

[node name="TextureRect" type="TextureRect" parent="Tournament"]
visible = false
layout_mode = 0
offset_right = 40.0
offset_bottom = 40.0
texture = ExtResource("10_g3ibn")
metadata/_edit_lock_ = true

[node name="TextureRect2" type="TextureRect" parent="Tournament"]
layout_mode = 0
offset_right = 40.0
offset_bottom = 40.0
texture = ExtResource("11_0ll6k")
metadata/_edit_lock_ = true

[node name="Label" type="Label" parent="Tournament"]
modulate = Color(0, 1, 0, 1)
layout_mode = 0
offset_left = 256.0
offset_top = 12.0
offset_right = 380.0
offset_bottom = 57.0
theme = ExtResource("2_u0n06")
theme_override_font_sizes/font_size = 32
text = "Thomas"

[node name="Label22" type="Label" parent="Tournament"]
modulate = Color(0, 1, 0, 1)
layout_mode = 0
offset_left = 464.0
offset_top = 52.0
offset_right = 588.0
offset_bottom = 97.0
theme = ExtResource("2_u0n06")
theme_override_font_sizes/font_size = 32
text = "Thomas"

[node name="Label36" type="Label" parent="Tournament"]
modulate = Color(1, 0, 0, 1)
layout_mode = 0
offset_left = 664.0
offset_top = 116.0
offset_right = 788.0
offset_bottom = 161.0
theme = ExtResource("2_u0n06")
theme_override_font_sizes/font_size = 32
text = "Thomas"

[node name="Label37" type="Label" parent="Tournament"]
modulate = Color(1, 0, 0, 1)
layout_mode = 0
offset_left = 1064.0
offset_top = 556.0
offset_right = 1188.0
offset_bottom = 601.0
theme = ExtResource("2_u0n06")
theme_override_font_sizes/font_size = 32
text = "Thomas"

[node name="Label2" type="Label" parent="Tournament"]
layout_mode = 0
offset_left = 48.0
offset_top = 68.0
offset_right = 188.0
offset_bottom = 113.0
theme = ExtResource("2_u0n06")
theme_override_colors/font_color = Color(1, 0, 0, 1)
theme_override_font_sizes/font_size = 32
text = "Julien S."

[node name="Label15" type="Label" parent="Tournament"]
modulate = Color(0, 1, 0, 1)
layout_mode = 0
offset_left = 256.0
offset_top = 836.0
offset_right = 396.0
offset_bottom = 881.0
theme = ExtResource("2_u0n06")
theme_override_font_sizes/font_size = 32
text = "Julien S."

[node name="Label34" type="Label" parent="Tournament"]
modulate = Color(0, 1, 0, 1)
layout_mode = 0
offset_left = 464.0
offset_top = 860.0
offset_right = 604.0
offset_bottom = 905.0
theme = ExtResource("2_u0n06")
theme_override_font_sizes/font_size = 32
text = "Julien S."

[node name="Label41" type="Label" parent="Tournament"]
modulate = Color(1, 0, 0, 1)
layout_mode = 0
offset_left = 664.0
offset_top = 908.0
offset_right = 804.0
offset_bottom = 953.0
theme = ExtResource("2_u0n06")
theme_override_font_sizes/font_size = 32
text = "Julien S."

[node name="Label3" type="Label" parent="Tournament"]
layout_mode = 0
offset_left = 48.0
offset_top = 108.0
offset_right = 188.0
offset_bottom = 153.0
theme = ExtResource("2_u0n06")
theme_override_colors/font_color = Color(0, 1, 0, 1)
theme_override_font_sizes/font_size = 32
text = "Jérôme"

[node name="Label16" type="Label" parent="Tournament"]
modulate = Color(1, 0, 0, 1)
layout_mode = 0
offset_left = 256.0
offset_top = 92.0
offset_right = 396.0
offset_bottom = 137.0
theme = ExtResource("2_u0n06")
theme_override_font_sizes/font_size = 32
text = "Jérôme"

[node name="Label21" type="Label" parent="Tournament"]
modulate = Color(0, 1, 0, 1)
layout_mode = 0
offset_left = 256.0
offset_top = 692.0
offset_right = 396.0
offset_bottom = 737.0
theme = ExtResource("2_u0n06")
theme_override_font_sizes/font_size = 32
text = "Jérôme"

[node name="Label27" type="Label" parent="Tournament"]
modulate = Color(1, 0, 0, 1)
layout_mode = 0
offset_left = 464.0
offset_top = 660.0
offset_right = 604.0
offset_bottom = 705.0
theme = ExtResource("2_u0n06")
theme_override_font_sizes/font_size = 32
text = "Jérôme"

[node name="Label4" type="Label" parent="Tournament"]
modulate = Color(0, 1, 0, 1)
layout_mode = 0
offset_left = 48.0
offset_top = 148.0
offset_right = 254.0
offset_bottom = 193.0
theme = ExtResource("2_u0n06")
theme_override_font_sizes/font_size = 32
text = "Maxence G."

[node name="Label19" type="Label" parent="Tournament"]
modulate = Color(1, 0, 0, 1)
layout_mode = 0
offset_left = 256.0
offset_top = 164.0
offset_right = 462.0
offset_bottom = 209.0
theme = ExtResource("2_u0n06")
theme_override_font_sizes/font_size = 32
text = "Maxence G."

[node name="Label29" type="Label" parent="Tournament"]
modulate = Color(0, 1, 0, 1)
layout_mode = 0
offset_left = 256.0
offset_top = 788.0
offset_right = 462.0
offset_bottom = 833.0
theme = ExtResource("2_u0n06")
theme_override_font_sizes/font_size = 32
text = "Maxence G."

[node name="Label32" type="Label" parent="Tournament"]
modulate = Color(0, 1, 0, 1)
layout_mode = 0
offset_left = 464.0
offset_top = 756.0
offset_right = 670.0
offset_bottom = 801.0
theme = ExtResource("2_u0n06")
theme_override_font_sizes/font_size = 32
text = "Maxence G."

[node name="Label33" type="Label" parent="Tournament"]
modulate = Color(0, 1, 0, 1)
layout_mode = 0
offset_left = 664.0
offset_top = 708.0
offset_right = 870.0
offset_bottom = 753.0
theme = ExtResource("2_u0n06")
theme_override_font_sizes/font_size = 32
text = "Maxence G."

[node name="Label35" type="Label" parent="Tournament"]
modulate = Color(0, 1, 0, 1)
layout_mode = 0
offset_left = 864.0
offset_top = 652.0
offset_right = 1070.0
offset_bottom = 697.0
theme = ExtResource("2_u0n06")
theme_override_font_sizes/font_size = 32
text = "Maxence G."

[node name="Label43" type="Label" parent="Tournament"]
modulate = Color(0, 1, 0, 1)
layout_mode = 0
offset_left = 1064.0
offset_top = 796.0
offset_right = 1270.0
offset_bottom = 841.0
theme = ExtResource("2_u0n06")
theme_override_font_sizes/font_size = 32
text = "Maxence G."

[node name="Label44" type="Label" parent="Tournament"]
modulate = Color(0, 1, 0, 1)
layout_mode = 0
offset_left = 1264.0
offset_top = 676.0
offset_right = 1470.0
offset_bottom = 721.0
theme = ExtResource("2_u0n06")
theme_override_font_sizes/font_size = 32
text = "Maxence G."

[node name="Label46" type="Label" parent="Tournament"]
modulate = Color(0, 1, 0, 1)
layout_mode = 0
offset_left = 1472.0
offset_top = 444.0
offset_right = 1678.0
offset_bottom = 489.0
theme = ExtResource("2_u0n06")
theme_override_font_sizes/font_size = 32
text = "Maxence G."

[node name="Label48" type="Label" parent="Tournament"]
modulate = Color(0, 1, 0, 1)
layout_mode = 0
offset_left = 1696.0
offset_top = 652.0
offset_right = 1971.0
offset_bottom = 718.0
theme = ExtResource("2_u0n06")
theme_override_font_sizes/font_size = 48
text = "Maxence G."

[node name="Label5" type="Label" parent="Tournament"]
modulate = Color(1, 0, 0, 1)
layout_mode = 0
offset_left = 48.0
offset_top = 188.0
offset_right = 254.0
offset_bottom = 233.0
theme = ExtResource("2_u0n06")
theme_override_font_sizes/font_size = 32
text = "Narjis"

[node name="Label20" type="Label" parent="Tournament"]
modulate = Color(1, 0, 0, 1)
layout_mode = 0
offset_left = 256.0
offset_top = 932.0
offset_right = 462.0
offset_bottom = 977.0
theme = ExtResource("2_u0n06")
theme_override_font_sizes/font_size = 32
text = "Narjis"

[node name="Label6" type="Label" parent="Tournament"]
modulate = Color(0, 1, 0, 1)
layout_mode = 0
offset_left = 256.0
offset_top = 236.0
offset_right = 462.0
offset_bottom = 281.0
theme = ExtResource("2_u0n06")
theme_override_font_sizes/font_size = 32
text = "Julien C."

[node name="Label28" type="Label" parent="Tournament"]
modulate = Color(1, 0, 0, 1)
layout_mode = 0
offset_left = 464.0
offset_top = 196.0
offset_right = 670.0
offset_bottom = 241.0
theme = ExtResource("2_u0n06")
theme_override_font_sizes/font_size = 32
text = "Julien C."

[node name="Label39" type="Label" parent="Tournament"]
modulate = Color(0, 1, 0, 1)
layout_mode = 0
offset_left = 664.0
offset_top = 1012.0
offset_right = 870.0
offset_bottom = 1057.0
theme = ExtResource("2_u0n06")
theme_override_font_sizes/font_size = 32
text = "Julien C."

[node name="Label42" type="Label" parent="Tournament"]
modulate = Color(1, 0, 0, 1)
layout_mode = 0
offset_left = 864.0
offset_top = 956.0
offset_right = 1070.0
offset_bottom = 1001.0
theme = ExtResource("2_u0n06")
theme_override_font_sizes/font_size = 32
text = "Julien C."

[node name="Label7" type="Label" parent="Tournament"]
modulate = Color(0, 1, 0, 1)
layout_mode = 0
offset_left = 256.0
offset_top = 308.0
offset_right = 462.0
offset_bottom = 353.0
theme = ExtResource("2_u0n06")
theme_override_font_sizes/font_size = 32
text = "Timon"

[node name="Label23" type="Label" parent="Tournament"]
modulate = Color(1, 0, 0, 1)
layout_mode = 0
offset_left = 464.0
offset_top = 348.0
offset_right = 670.0
offset_bottom = 393.0
theme = ExtResource("2_u0n06")
theme_override_font_sizes/font_size = 32
text = "Timon"

[node name="Label30" type="Label" parent="Tournament"]
modulate = Color(1, 0, 0, 1)
layout_mode = 0
offset_left = 664.0
offset_top = 604.0
offset_right = 870.0
offset_bottom = 649.0
theme = ExtResource("2_u0n06")
theme_override_font_sizes/font_size = 32
text = "Timon"

[node name="Label8" type="Label" parent="Tournament"]
modulate = Color(1, 0, 0, 1)
layout_mode = 0
offset_left = 48.0
offset_top = 364.0
offset_right = 254.0
offset_bottom = 409.0
theme = ExtResource("2_u0n06")
theme_override_font_sizes/font_size = 32
text = "Steve"

[node name="Label17" type="Label" parent="Tournament"]
modulate = Color(1, 0, 0, 1)
layout_mode = 0
offset_left = 256.0
offset_top = 628.0
offset_right = 462.0
offset_bottom = 673.0
theme = ExtResource("2_u0n06")
theme_override_font_sizes/font_size = 32
text = "Steve"

[node name="Label9" type="Label" parent="Tournament"]
modulate = Color(0, 1, 0, 1)
layout_mode = 0
offset_left = 48.0
offset_top = 404.0
offset_right = 254.0
offset_bottom = 449.0
theme = ExtResource("2_u0n06")
theme_override_font_sizes/font_size = 32
text = "Maxime B."

[node name="Label18" type="Label" parent="Tournament"]
modulate = Color(1, 0, 0, 1)
layout_mode = 0
offset_left = 256.0
offset_top = 380.0
offset_right = 462.0
offset_bottom = 425.0
theme = ExtResource("2_u0n06")
theme_override_font_sizes/font_size = 32
text = "Maxime B."

[node name="Label26" type="Label" parent="Tournament"]
modulate = Color(1, 0, 0, 1)
layout_mode = 0
offset_left = 256.0
offset_top = 892.0
offset_right = 462.0
offset_bottom = 937.0
theme = ExtResource("2_u0n06")
theme_override_font_sizes/font_size = 32
text = "Maxime B."

[node name="Label10" type="Label" parent="Tournament"]
layout_mode = 0
offset_left = 48.0
offset_top = 444.0
offset_right = 254.0
offset_bottom = 489.0
theme = ExtResource("2_u0n06")
theme_override_colors/font_color = Color(1, 0, 0, 1)
theme_override_font_sizes/font_size = 32
text = "Pierre M."

[node name="Label13" type="Label" parent="Tournament"]
modulate = Color(1, 0, 0, 1)
layout_mode = 0
offset_left = 256.0
offset_top = 732.0
offset_right = 462.0
offset_bottom = 777.0
theme = ExtResource("2_u0n06")
theme_override_font_sizes/font_size = 32
text = "Pierre M."

[node name="Label11" type="Label" parent="Tournament"]
layout_mode = 0
offset_left = 48.0
offset_top = 484.0
offset_right = 254.0
offset_bottom = 529.0
theme = ExtResource("2_u0n06")
theme_override_colors/font_color = Color(0, 1, 0, 1)
theme_override_font_sizes/font_size = 32
text = "Liam"

[node name="Label14" type="Label" parent="Tournament"]
modulate = Color(1, 0, 0, 1)
layout_mode = 0
offset_left = 256.0
offset_top = 460.0
offset_right = 462.0
offset_bottom = 505.0
theme = ExtResource("2_u0n06")
theme_override_font_sizes/font_size = 32
text = "Liam"

[node name="Label25" type="Label" parent="Tournament"]
modulate = Color(0, 1, 0, 1)
layout_mode = 0
offset_left = 256.0
offset_top = 988.0
offset_right = 462.0
offset_bottom = 1033.0
theme = ExtResource("2_u0n06")
theme_override_font_sizes/font_size = 32
text = "Liam"

[node name="Label40" type="Label" parent="Tournament"]
modulate = Color(1, 0, 0, 1)
layout_mode = 0
offset_left = 464.0
offset_top = 956.0
offset_right = 670.0
offset_bottom = 1001.0
theme = ExtResource("2_u0n06")
theme_override_font_sizes/font_size = 32
text = "Liam"

[node name="Label12" type="Label" parent="Tournament"]
modulate = Color(0, 1, 0, 1)
layout_mode = 0
offset_left = 256.0
offset_top = 532.0
offset_right = 462.0
offset_bottom = 577.0
theme = ExtResource("2_u0n06")
theme_override_font_sizes/font_size = 32
text = "Paul J."

[node name="Label24" type="Label" parent="Tournament"]
modulate = Color(0, 1, 0, 1)
layout_mode = 0
offset_left = 464.0
offset_top = 500.0
offset_right = 670.0
offset_bottom = 545.0
theme = ExtResource("2_u0n06")
theme_override_font_sizes/font_size = 32
text = "Paul J."

[node name="Label31" type="Label" parent="Tournament"]
modulate = Color(0, 1, 0, 1)
layout_mode = 0
offset_left = 664.0
offset_top = 420.0
offset_right = 870.0
offset_bottom = 465.0
theme = ExtResource("2_u0n06")
theme_override_font_sizes/font_size = 32
text = "Paul J."

[node name="Label38" type="Label" parent="Tournament"]
modulate = Color(1, 0, 0, 1)
layout_mode = 0
offset_left = 1072.0
offset_top = 236.0
offset_right = 1278.0
offset_bottom = 281.0
theme = ExtResource("2_u0n06")
theme_override_font_sizes/font_size = 32
text = "Paul J."

[node name="Label47" type="Label" parent="Tournament"]
modulate = Color(1, 0, 0, 1)
layout_mode = 0
offset_left = 1472.0
offset_top = 916.0
offset_right = 1678.0
offset_bottom = 961.0
theme = ExtResource("2_u0n06")
theme_override_font_sizes/font_size = 32
text = "Paul J."

[node name="Label45" type="Label" parent="Tournament"]
layout_mode = 0
offset_left = 1072.0
offset_top = 12.0
offset_right = 1908.0
offset_bottom = 191.0
theme = ExtResource("2_u0n06")
theme_override_font_sizes/font_size = 64
text = "Il va falloir s'entraîner un
peu plus pour me vaincre !
"
horizontal_alignment = 1

[node name="HideTournament" type="Button" parent="Tournament"]
layout_mode = 0
offset_left = 1632.0
offset_top = 952.0
offset_right = 1896.0
offset_bottom = 1216.0
scale = Vector2(0.5, 0.5)
icon = ExtResource("6_sj3tm")

[connection signal="focus_entered" from="Match" to="." method="_on_versus_focus_entered"]
[connection signal="focus_exited" from="Match" to="." method="_on_focus_exited"]
[connection signal="mouse_entered" from="Match" to="." method="_on_versus_focus_entered"]
[connection signal="mouse_exited" from="Match" to="." method="_on_focus_exited"]
[connection signal="pressed" from="Match" to="." method="_on_match_pressed"]
[connection signal="focus_entered" from="Duel" to="." method="_on_duel_focus_entered"]
[connection signal="focus_exited" from="Duel" to="." method="_on_focus_exited"]
[connection signal="mouse_entered" from="Duel" to="." method="_on_duel_focus_entered"]
[connection signal="mouse_exited" from="Duel" to="." method="_on_focus_exited"]
[connection signal="pressed" from="Duel" to="." method="_on_duel_pressed"]
[connection signal="focus_entered" from="HowToPlay" to="." method="_on_how_to_play_focus_entered"]
[connection signal="focus_exited" from="HowToPlay" to="." method="_on_focus_exited"]
[connection signal="mouse_entered" from="HowToPlay" to="." method="_on_how_to_play_focus_entered"]
[connection signal="mouse_exited" from="HowToPlay" to="." method="_on_focus_exited"]
[connection signal="pressed" from="HowToPlay" to="." method="_on_how_to_play_pressed"]
[connection signal="focus_entered" from="LevelEditor" to="." method="_on_level_editor_focus_entered"]
[connection signal="focus_exited" from="LevelEditor" to="." method="_on_focus_exited"]
[connection signal="mouse_entered" from="LevelEditor" to="." method="_on_level_editor_focus_entered"]
[connection signal="mouse_exited" from="LevelEditor" to="." method="_on_focus_exited"]
[connection signal="pressed" from="LevelEditor" to="." method="_on_level_editor_pressed"]
[connection signal="focus_entered" from="Options" to="." method="_on_options_focus_entered"]
[connection signal="focus_exited" from="Options" to="." method="_on_focus_exited"]
[connection signal="mouse_entered" from="Options" to="." method="_on_options_focus_entered"]
[connection signal="mouse_exited" from="Options" to="." method="_on_focus_exited"]
[connection signal="pressed" from="Options" to="." method="_on_options_pressed"]
[connection signal="focus_entered" from="Quit" to="." method="_on_quit_focus_entered"]
[connection signal="focus_exited" from="Quit" to="." method="_on_focus_exited"]
[connection signal="mouse_entered" from="Quit" to="." method="_on_quit_focus_entered"]
[connection signal="mouse_exited" from="Quit" to="." method="_on_focus_exited"]
[connection signal="pressed" from="Quit" to="." method="_on_quit_pressed"]
[connection signal="pressed" from="ShowTournament" to="." method="_on_show_tournament_pressed"]
[connection signal="gui_input" from="HowToPlayPanel" to="." method="_on_how_to_play_panel_gui_input"]
[connection signal="pressed" from="HowToPlayPanel/Back" to="." method="_on_how_to_play_back_pressed"]
[connection signal="pressed" from="HowToPlayPanel/Next" to="." method="_on_how_to_play_next"]
[connection signal="pressed" from="HowToPlayPanel/Exit" to="." method="_on_exit_pressed"]
[connection signal="pressed" from="Tournament/HideTournament" to="." method="_on_hide_tournament_pressed"]
