[gd_scene load_steps=26 format=3 uid="uid://bhns080fs2cis"]

[ext_resource type="Script" path="res://src/scenes/entities/layout/Walls.gd" id="1_f5auh"]
[ext_resource type="Texture2D" uid="uid://diotjb4bm820n" path="res://src/assets/textures/Wall1.png" id="1_sxfmq"]
[ext_resource type="Theme" uid="uid://ciac3tt6mx3e6" path="res://src/assets/Label.tres" id="2_23ym7"]
[ext_resource type="PackedScene" uid="uid://b21h8n0qyeyg3" path="res://src/scenes/entities/layout/Invincibility.tscn" id="3_3bt7y"]
[ext_resource type="FontFile" uid="uid://dnlx5lagigw64" path="res://src/assets/fonts/SEGUIBL.TTF" id="4_dfcnd"]
[ext_resource type="PackedScene" uid="uid://c18b5gjllddg7" path="res://src/scenes/entities/layout/LightBulb.tscn" id="6_wkid4"]

[sub_resource type="PhysicsMaterial" id="PhysicsMaterial_ogiqg"]
absorbent = true

[sub_resource type="Gradient" id="Gradient_rfye5"]
colors = PackedColorArray(0, 0.501961, 1, 1, 0, 0.501961, 1, 0)

[sub_resource type="GradientTexture2D" id="GradientTexture2D_ggp56"]
gradient = SubResource("Gradient_rfye5")

[sub_resource type="Animation" id="Animation_7gxko"]
resource_name = "Goal"
length = 1.2
step = 0.1
tracks/0/type = "value"
tracks/0/imported = false
tracks/0/enabled = true
tracks/0/path = NodePath(".:modulate")
tracks/0/interp = 1
tracks/0/loop_wrap = true
tracks/0/keys = {
"times": PackedFloat32Array(0, 0.1, 0.3, 0.7, 1.2),
"transitions": PackedFloat32Array(1, 1, 1, 1, 1),
"update": 0,
"values": [Color(1, 1, 1, 1), Color(1.5, 1.5, 1.5, 1), Color(1, 1, 1, 1), Color(1.5, 1.5, 1.5, 1), Color(1, 1, 1, 1)]
}
tracks/1/type = "value"
tracks/1/imported = false
tracks/1/enabled = true
tracks/1/path = NodePath(".:position")
tracks/1/interp = 1
tracks/1/loop_wrap = true
tracks/1/keys = {
"times": PackedFloat32Array(0, 0.1, 0.3, 0.7, 1.2),
"transitions": PackedFloat32Array(1, 1, 1, 1, 1),
"update": 0,
"values": [Vector2(-64, 192), Vector2(-32, 192), Vector2(-64, 192), Vector2(-32, 192), Vector2(-64, 192)]
}

[sub_resource type="Animation" id="Animation_rjacp"]
length = 0.001
tracks/0/type = "value"
tracks/0/imported = false
tracks/0/enabled = true
tracks/0/path = NodePath(".:modulate")
tracks/0/interp = 1
tracks/0/loop_wrap = true
tracks/0/keys = {
"times": PackedFloat32Array(0),
"transitions": PackedFloat32Array(1),
"update": 0,
"values": [Color(1, 1, 1, 1)]
}
tracks/1/type = "value"
tracks/1/imported = false
tracks/1/enabled = true
tracks/1/path = NodePath(".:position")
tracks/1/interp = 1
tracks/1/loop_wrap = true
tracks/1/keys = {
"times": PackedFloat32Array(0),
"transitions": PackedFloat32Array(1),
"update": 0,
"values": [Vector2(-64, 192)]
}

[sub_resource type="AnimationLibrary" id="AnimationLibrary_vxjkb"]
_data = {
"Goal": SubResource("Animation_7gxko"),
"RESET": SubResource("Animation_rjacp")
}

[sub_resource type="Gradient" id="Gradient_gr2vi"]
colors = PackedColorArray(1, 0, 0, 0, 1, 0.215686, 0.215686, 1)

[sub_resource type="GradientTexture2D" id="GradientTexture2D_4485c"]
gradient = SubResource("Gradient_gr2vi")

[sub_resource type="Animation" id="Animation_donup"]
resource_name = "Goal"
length = 1.2
step = 0.1
tracks/0/type = "value"
tracks/0/imported = false
tracks/0/enabled = true
tracks/0/path = NodePath(".:modulate")
tracks/0/interp = 1
tracks/0/loop_wrap = true
tracks/0/keys = {
"times": PackedFloat32Array(0, 0.1, 0.3, 0.7, 1.2),
"transitions": PackedFloat32Array(1, 1, 1, 1, 1),
"update": 0,
"values": [Color(1, 1, 1, 1), Color(2, 0, 0, 1), Color(1, 1, 1, 1), Color(2, 0, 0, 1), Color(1, 1, 1, 1)]
}
tracks/1/type = "value"
tracks/1/imported = false
tracks/1/enabled = true
tracks/1/path = NodePath(".:position")
tracks/1/interp = 1
tracks/1/loop_wrap = true
tracks/1/keys = {
"times": PackedFloat32Array(0, 0.1, 0.3, 0.7, 1.2),
"transitions": PackedFloat32Array(1, 1, 1, 1, 1),
"update": 0,
"values": [Vector2(1856, 192), Vector2(1824, 192), Vector2(1856, 192), Vector2(1824, 192), Vector2(1856, 192)]
}

[sub_resource type="Animation" id="Animation_aatx3"]
length = 0.001
tracks/0/type = "value"
tracks/0/imported = false
tracks/0/enabled = true
tracks/0/path = NodePath(".:modulate")
tracks/0/interp = 1
tracks/0/loop_wrap = true
tracks/0/keys = {
"times": PackedFloat32Array(0),
"transitions": PackedFloat32Array(1),
"update": 0,
"values": [Color(1, 1, 1, 1)]
}
tracks/1/type = "value"
tracks/1/imported = false
tracks/1/enabled = true
tracks/1/path = NodePath(".:position")
tracks/1/interp = 1
tracks/1/loop_wrap = true
tracks/1/keys = {
"times": PackedFloat32Array(0),
"transitions": PackedFloat32Array(1),
"update": 0,
"values": [Vector2(1856, 192)]
}

[sub_resource type="AnimationLibrary" id="AnimationLibrary_5sjwp"]
_data = {
"Goal": SubResource("Animation_donup"),
"RESET": SubResource("Animation_aatx3")
}

[sub_resource type="Theme" id="Theme_oeb7i"]
default_font = ExtResource("4_dfcnd")
default_font_size = 36

[sub_resource type="Animation" id="Animation_mxitx"]
resource_name = "Points"
step = 0.1
tracks/0/type = "value"
tracks/0/imported = false
tracks/0/enabled = true
tracks/0/path = NodePath("Points0:position")
tracks/0/interp = 1
tracks/0/loop_wrap = true
tracks/0/keys = {
"times": PackedFloat32Array(0, 1),
"transitions": PackedFloat32Array(1, 1),
"update": 0,
"values": [Vector2(0, 74), Vector2(0, 54)]
}
tracks/1/type = "value"
tracks/1/imported = false
tracks/1/enabled = true
tracks/1/path = NodePath("Points0:modulate")
tracks/1/interp = 1
tracks/1/loop_wrap = true
tracks/1/keys = {
"times": PackedFloat32Array(0, 1),
"transitions": PackedFloat32Array(1, 1),
"update": 0,
"values": [Color(0, 0.501961, 1, 1), Color(0, 0.501961, 1, 0)]
}
tracks/2/type = "value"
tracks/2/imported = false
tracks/2/enabled = true
tracks/2/path = NodePath("Points0:visible")
tracks/2/interp = 1
tracks/2/loop_wrap = true
tracks/2/keys = {
"times": PackedFloat32Array(0),
"transitions": PackedFloat32Array(1),
"update": 1,
"values": [true]
}

[sub_resource type="Animation" id="Animation_t5y75"]
length = 0.001
tracks/0/type = "value"
tracks/0/imported = false
tracks/0/enabled = true
tracks/0/path = NodePath("Points0:position")
tracks/0/interp = 1
tracks/0/loop_wrap = true
tracks/0/keys = {
"times": PackedFloat32Array(0),
"transitions": PackedFloat32Array(1),
"update": 0,
"values": [Vector2(0, 74)]
}
tracks/1/type = "value"
tracks/1/imported = false
tracks/1/enabled = true
tracks/1/path = NodePath("Points0:modulate")
tracks/1/interp = 1
tracks/1/loop_wrap = true
tracks/1/keys = {
"times": PackedFloat32Array(0),
"transitions": PackedFloat32Array(1),
"update": 0,
"values": [Color(0, 0.501961, 1, 1)]
}
tracks/2/type = "value"
tracks/2/imported = false
tracks/2/enabled = true
tracks/2/path = NodePath("Points0:visible")
tracks/2/interp = 1
tracks/2/loop_wrap = true
tracks/2/keys = {
"times": PackedFloat32Array(0),
"transitions": PackedFloat32Array(1),
"update": 1,
"values": [false]
}

[sub_resource type="AnimationLibrary" id="AnimationLibrary_7a8vc"]
_data = {
"Points": SubResource("Animation_mxitx"),
"RESET": SubResource("Animation_t5y75")
}

[sub_resource type="Theme" id="Theme_cj3n0"]
default_font = ExtResource("4_dfcnd")
default_font_size = 36

[sub_resource type="Animation" id="Animation_lyp6s"]
resource_name = "Points"
tracks/0/type = "value"
tracks/0/imported = false
tracks/0/enabled = true
tracks/0/path = NodePath(".:position")
tracks/0/interp = 1
tracks/0/loop_wrap = true
tracks/0/keys = {
"times": PackedFloat32Array(0, 1),
"transitions": PackedFloat32Array(1, 1),
"update": 0,
"values": [Vector2(1856, 74), Vector2(1856, 54)]
}
tracks/1/type = "value"
tracks/1/imported = false
tracks/1/enabled = true
tracks/1/path = NodePath(".:modulate")
tracks/1/interp = 1
tracks/1/loop_wrap = true
tracks/1/keys = {
"times": PackedFloat32Array(0, 1),
"transitions": PackedFloat32Array(1, 1),
"update": 0,
"values": [Color(1, 0, 0, 1), Color(1, 0, 0, 0)]
}
tracks/2/type = "value"
tracks/2/imported = false
tracks/2/enabled = true
tracks/2/path = NodePath(".:visible")
tracks/2/interp = 1
tracks/2/loop_wrap = true
tracks/2/keys = {
"times": PackedFloat32Array(0),
"transitions": PackedFloat32Array(1),
"update": 1,
"values": [true]
}

[sub_resource type="Animation" id="Animation_yye4i"]
length = 0.001
tracks/0/type = "value"
tracks/0/imported = false
tracks/0/enabled = true
tracks/0/path = NodePath(".:position")
tracks/0/interp = 1
tracks/0/loop_wrap = true
tracks/0/keys = {
"times": PackedFloat32Array(0),
"transitions": PackedFloat32Array(1),
"update": 0,
"values": [Vector2(1856, 74)]
}
tracks/1/type = "value"
tracks/1/imported = false
tracks/1/enabled = true
tracks/1/path = NodePath(".:modulate")
tracks/1/interp = 1
tracks/1/loop_wrap = true
tracks/1/keys = {
"times": PackedFloat32Array(0),
"transitions": PackedFloat32Array(1),
"update": 0,
"values": [Color(1, 0, 0, 1)]
}
tracks/2/type = "value"
tracks/2/imported = false
tracks/2/enabled = true
tracks/2/path = NodePath(".:visible")
tracks/2/interp = 1
tracks/2/loop_wrap = true
tracks/2/keys = {
"times": PackedFloat32Array(0),
"transitions": PackedFloat32Array(1),
"update": 1,
"values": [false]
}

[sub_resource type="AnimationLibrary" id="AnimationLibrary_of56b"]
_data = {
"Points": SubResource("Animation_lyp6s"),
"RESET": SubResource("Animation_yye4i")
}

[node name="Walls" type="StaticBody2D"]
disable_mode = 1
collision_layer = 3
collision_mask = 0
collision_priority = 100.0
physics_material_override = SubResource("PhysicsMaterial_ogiqg")
script = ExtResource("1_f5auh")

[node name="Collision" type="CollisionPolygon2D" parent="."]
polygon = PackedVector2Array(1920, 0, 1920, 192, 1856, 192, 1856, 64, 64, 64, 64, 192, 0, 192, 0, 0)

[node name="Collision2" type="CollisionPolygon2D" parent="."]
position = Vector2(1920, 1000)
rotation = 3.14159
polygon = PackedVector2Array(1920, 0, 1920, 192, 1856, 192, 1856, 64, 63.9999, 64.0002, 63.9995, 192, -0.000488281, 192, 0, 0)

[node name="Polygon2D" type="Polygon2D" parent="."]
texture_repeat = 2
texture = ExtResource("1_sxfmq")
polygon = PackedVector2Array(1984, -64, 1984, 192, 1856, 192, 1856, 64, 64, 64, 64, 192, -64, 192, -64, -64)

[node name="Polygon2D2" type="Polygon2D" parent="."]
texture_repeat = 2
position = Vector2(0, -24)
texture = ExtResource("1_sxfmq")
texture_offset = Vector2(0, -24)
polygon = PackedVector2Array(1984, 1088, 1984, 832, 1856, 832, 1856, 960, 64, 960, 64, 832, -64, 832, -64, 1088)

[node name="Name" type="Label" parent="."]
offset_left = 8.0
offset_top = 928.0
offset_right = 1912.0
offset_bottom = 994.0
theme = ExtResource("2_23ym7")
theme_override_colors/font_outline_color = Color(0, 0, 0, 1)
theme_override_constants/outline_size = 4
horizontal_alignment = 1
vertical_alignment = 1

[node name="Invincibility0" parent="." instance=ExtResource("3_3bt7y")]
position = Vector2(0, 500)

[node name="Invincibility1" parent="." instance=ExtResource("3_3bt7y")]
position = Vector2(1920, 500)
scale = Vector2(-1, 1)

[node name="Goal0" type="TextureRect" parent="."]
offset_left = -64.0
offset_top = 192.0
offset_right = 64.0
offset_bottom = 808.0
texture = SubResource("GradientTexture2D_ggp56")

[node name="Animations" type="AnimationPlayer" parent="Goal0"]
libraries = {
"": SubResource("AnimationLibrary_vxjkb")
}

[node name="Goal1" type="TextureRect" parent="."]
offset_left = 1856.0
offset_top = 192.0
offset_right = 1984.0
offset_bottom = 808.0
texture = SubResource("GradientTexture2D_4485c")

[node name="Animations" type="AnimationPlayer" parent="Goal1"]
libraries = {
"": SubResource("AnimationLibrary_5sjwp")
}

[node name="Points0" type="Label" parent="."]
visible = false
modulate = Color(0, 0.501961, 1, 1)
anchors_preset = 8
anchor_left = 0.5
anchor_top = 0.5
anchor_right = 0.5
anchor_bottom = 0.5
offset_top = 74.0
offset_right = 64.0
offset_bottom = 124.0
grow_horizontal = 2
grow_vertical = 2
pivot_offset = Vector2(32, 20)
size_flags_horizontal = 2
size_flags_vertical = 2
theme = SubResource("Theme_oeb7i")
theme_override_colors/font_outline_color = Color(0, 0, 0, 1)
theme_override_constants/outline_size = 8
text = "50"
horizontal_alignment = 1
vertical_alignment = 1

[node name="Animations" type="AnimationPlayer" parent="Points0"]
root_node = NodePath("../..")
libraries = {
"": SubResource("AnimationLibrary_7a8vc")
}

[node name="Points1" type="Label" parent="."]
visible = false
modulate = Color(1, 0, 0, 1)
anchors_preset = 8
anchor_left = 0.5
anchor_top = 0.5
anchor_right = 0.5
anchor_bottom = 0.5
offset_left = 1856.0
offset_top = 74.0
offset_right = 1920.0
offset_bottom = 124.0
grow_horizontal = 2
grow_vertical = 2
pivot_offset = Vector2(32, 20)
size_flags_horizontal = 2
size_flags_vertical = 2
theme = SubResource("Theme_cj3n0")
theme_override_colors/font_outline_color = Color(0, 0, 0, 1)
theme_override_constants/outline_size = 8
text = "50"
horizontal_alignment = 1
vertical_alignment = 1

[node name="Animations" type="AnimationPlayer" parent="Points1"]
libraries = {
"": SubResource("AnimationLibrary_of56b")
}

[node name="Bulbs0" type="Control" parent="."]
layout_mode = 3
anchors_preset = 0
offset_top = 108.0
offset_right = 64.0
offset_bottom = 188.0

[node name="LightBulb0" parent="Bulbs0" instance=ExtResource("6_wkid4")]
layout_mode = 0
anchors_preset = 0
anchor_right = 0.0
anchor_bottom = 0.0
offset_left = 32.0
offset_right = 288.0
offset_bottom = 256.0
grow_horizontal = 1
grow_vertical = 1

[node name="LightBulb1" parent="Bulbs0" instance=ExtResource("6_wkid4")]
layout_mode = 0
anchors_preset = 0
anchor_right = 0.0
anchor_bottom = 0.0
offset_left = 8.0
offset_top = 12.0
offset_right = 264.0
offset_bottom = 268.0
grow_horizontal = 1
grow_vertical = 1

[node name="LightBulb2" parent="Bulbs0" instance=ExtResource("6_wkid4")]
layout_mode = 0
anchors_preset = 0
anchor_right = 0.0
anchor_bottom = 0.0
offset_left = 32.0
offset_top = 24.0
offset_right = 288.0
offset_bottom = 280.0
grow_horizontal = 1
grow_vertical = 1

[node name="LightBulb3" parent="Bulbs0" instance=ExtResource("6_wkid4")]
layout_mode = 0
anchors_preset = 0
anchor_right = 0.0
anchor_bottom = 0.0
offset_left = 8.0
offset_top = 36.0
offset_right = 264.0
offset_bottom = 292.0
grow_horizontal = 1
grow_vertical = 1

[node name="LightBulb4" parent="Bulbs0" instance=ExtResource("6_wkid4")]
layout_mode = 0
anchors_preset = 0
anchor_right = 0.0
anchor_bottom = 0.0
offset_left = 32.0
offset_top = 48.0
offset_right = 288.0
offset_bottom = 304.0
grow_horizontal = 1
grow_vertical = 1

[node name="Bulbs1" type="Control" parent="."]
layout_mode = 3
anchors_preset = 0
offset_left = 1856.0
offset_top = 108.0
offset_right = 1920.0
offset_bottom = 188.0

[node name="LightBulb0" parent="Bulbs1" instance=ExtResource("6_wkid4")]
layout_mode = 0
anchors_preset = 0
anchor_right = 0.0
anchor_bottom = 0.0
offset_right = 256.0
offset_bottom = 256.0
grow_horizontal = 1
grow_vertical = 1

[node name="LightBulb1" parent="Bulbs1" instance=ExtResource("6_wkid4")]
layout_mode = 0
anchors_preset = 0
anchor_right = 0.0
anchor_bottom = 0.0
offset_left = 24.0
offset_top = 12.0
offset_right = 280.0
offset_bottom = 268.0
grow_horizontal = 1
grow_vertical = 1

[node name="LightBulb2" parent="Bulbs1" instance=ExtResource("6_wkid4")]
layout_mode = 0
anchors_preset = 0
anchor_right = 0.0
anchor_bottom = 0.0
offset_top = 24.0
offset_right = 256.0
offset_bottom = 280.0
grow_horizontal = 1
grow_vertical = 1

[node name="LightBulb3" parent="Bulbs1" instance=ExtResource("6_wkid4")]
layout_mode = 0
anchors_preset = 0
anchor_right = 0.0
anchor_bottom = 0.0
offset_left = 24.0
offset_top = 36.0
offset_right = 280.0
offset_bottom = 292.0
grow_horizontal = 1
grow_vertical = 1

[node name="LightBulb4" parent="Bulbs1" instance=ExtResource("6_wkid4")]
layout_mode = 0
anchors_preset = 0
anchor_right = 0.0
anchor_bottom = 0.0
offset_top = 48.0
offset_right = 256.0
offset_bottom = 304.0
grow_horizontal = 1
grow_vertical = 1

[editable path="Invincibility0"]
[editable path="Invincibility1"]
