[gd_scene load_steps=7 format=3 uid="uid://cspchwkhh286c"]

[ext_resource type="Script" path="res://src/scenes/test/TEST4.gd" id="1_8xacw"]
[ext_resource type="PackedScene" uid="uid://twfqwi4cg7io" path="res://src/scenes/entities/Ball.tscn" id="1_olhop"]
[ext_resource type="PackedScene" uid="uid://jj1b16mc2dmm" path="res://src/scenes/entities/bricks/SolidBrick.tscn" id="2_bi8sh"]
[ext_resource type="PackedScene" uid="uid://bslaiysep7ubo" path="res://src/scenes/levels/CollisionMerger.tscn" id="3_bcs51"]
[ext_resource type="PackedScene" uid="uid://bp5oo7svoq3mg" path="res://src/scenes/entities/bricks/DoorBrick.tscn" id="3_tfkdt"]
[ext_resource type="PackedScene" uid="uid://3nri8usmj0e" path="res://src/scenes/entities/bricks/KeyBrick.tscn" id="4_7pn7n"]

[node name="Test" type="Node2D"]
script = ExtResource("1_8xacw")

[node name="Ball" parent="." instance=ExtResource("1_olhop")]
position = Vector2(416, 100)
collision_layer = 0
collision_mask = 15
linear_velocity = Vector2(-1000, 0)
attached = false

[node name="CollisionMerger" parent="." instance=ExtResource("3_bcs51")]

[node name="DoorBrick" parent="." instance=ExtResource("3_tfkdt")]
position = Vector2(816, 52)

[node name="DoorBrick2" parent="." instance=ExtResource("3_tfkdt")]
position = Vector2(816, 148)

[node name="KeyBrick2" parent="." instance=ExtResource("4_7pn7n")]
position = Vector2(304, 100)

[node name="KeyBrick3" parent="." instance=ExtResource("4_7pn7n")]
position = Vector2(528, 100)

[node name="KeyBrick4" parent="." instance=ExtResource("4_7pn7n")]
position = Vector2(144, 100)

[node name="SolidBrick16" parent="." instance=ExtResource("2_bi8sh")]
position = Vector2(112, 100)

[node name="SolidBrick17" parent="." instance=ExtResource("2_bi8sh")]
position = Vector2(848, 100)

[connection signal="effect" from="DoorBrick" to="." method="_on_door_effect"]
[connection signal="effect" from="DoorBrick2" to="." method="_on_door_effect"]
[connection signal="effect" from="KeyBrick2" to="." method="_on_key_effect"]
[connection signal="effect" from="KeyBrick3" to="." method="_on_key_effect"]
[connection signal="effect" from="KeyBrick4" to="." method="_on_key_effect"]
