[gd_scene load_steps=12 format=3 uid="uid://bksyebaxujakj"]

[ext_resource type="Script" path="res://src/scenes/levels/Level.gd" id="1_lhrv3"]
[ext_resource type="PackedScene" uid="uid://dlffmdcv2kxxw" path="res://src/scenes/levels/BrickEffect.tscn" id="2_ftnmn"]
[ext_resource type="PackedScene" uid="uid://bhns080fs2cis" path="res://src/scenes/entities/layout/Walls.tscn" id="3_hvx08"]
[ext_resource type="PackedScene" uid="uid://bslaiysep7ubo" path="res://src/scenes/levels/CollisionMerger.tscn" id="3_kj0x8"]
[ext_resource type="PackedScene" uid="uid://vdfarqnbvgki" path="res://src/scenes/entities/bricks/Brick.tscn" id="4_8m4pg"]
[ext_resource type="PackedScene" uid="uid://bily6o3rmp525" path="res://src/scenes/entities/bricks/GoldBrick.tscn" id="5_wu4rb"]
[ext_resource type="PackedScene" uid="uid://jv2d4kfi5jte" path="res://src/scenes/entities/bricks/StickyBrick.tscn" id="6_jxsph"]
[ext_resource type="PackedScene" uid="uid://qtxj0lo6baw0" path="res://src/scenes/entities/bricks/TimingBrick.tscn" id="7_df66y"]
[ext_resource type="PackedScene" uid="uid://8a0ennbt37jt" path="res://src/scenes/entities/bricks/MultiBallsBrick.tscn" id="8_lxrje"]
[ext_resource type="PackedScene" uid="uid://buoj31hnfx4jt" path="res://src/scenes/entities/bricks/OwnerBrick.tscn" id="9_fn47m"]
[ext_resource type="PackedScene" uid="uid://cvj4eamrssqid" path="res://src/scenes/entities/bricks/HPBrick.tscn" id="10_kg8uf"]

[node name="Level2" type="Node2D"]
script = ExtResource("1_lhrv3")
name_ = "Sécurités, mais qui marchent une fois sur deux "

[node name="BrickEffect" parent="." instance=ExtResource("2_ftnmn")]

[node name="Spawns" type="Node2D" parent="."]

[node name="0" type="Marker2D" parent="Spawns"]
position = Vector2(84, 500)

[node name="1" type="Marker2D" parent="Spawns"]
position = Vector2(1836, 500)

[node name="CollisionMerger" parent="." instance=ExtResource("3_kj0x8")]

[node name="Walls" parent="." instance=ExtResource("3_hvx08")]
metadata/_edit_lock_ = true

[node name="Brick5" parent="." instance=ExtResource("4_8m4pg")]
position = Vector2(880, 404)

[node name="Brick19" parent="." instance=ExtResource("4_8m4pg")]
position = Vector2(960, 308)
rotation = 1.5708

[node name="Brick42" parent="." instance=ExtResource("4_8m4pg")]
position = Vector2(624, 84)
rotation = 1.5708

[node name="Brick43" parent="." instance=ExtResource("4_8m4pg")]
position = Vector2(624, 116)
rotation = 1.5708

[node name="Brick44" parent="." instance=ExtResource("4_8m4pg")]
position = Vector2(624, 148)
rotation = 1.5708

[node name="Brick45" parent="." instance=ExtResource("4_8m4pg")]
position = Vector2(656, 180)
rotation = 1.5708

[node name="Brick46" parent="." instance=ExtResource("4_8m4pg")]
position = Vector2(656, 212)
rotation = 1.5708

[node name="Brick47" parent="." instance=ExtResource("4_8m4pg")]
position = Vector2(656, 244)
rotation = 1.5708

[node name="Brick22" parent="." instance=ExtResource("4_8m4pg")]
position = Vector2(960, 692)
rotation = 1.5708

[node name="Brick7" parent="." instance=ExtResource("4_8m4pg")]
position = Vector2(880, 596)

[node name="Brick16" parent="." instance=ExtResource("4_8m4pg")]
position = Vector2(880, 500)

[node name="Brick10" parent="." instance=ExtResource("4_8m4pg")]
position = Vector2(1040, 404)

[node name="Brick14" parent="." instance=ExtResource("4_8m4pg")]
position = Vector2(1040, 596)

[node name="Brick91" parent="." instance=ExtResource("4_8m4pg")]
position = Vector2(1264, 180)
rotation = 1.5708

[node name="Brick92" parent="." instance=ExtResource("4_8m4pg")]
position = Vector2(1264, 212)
rotation = 1.5708

[node name="Brick93" parent="." instance=ExtResource("4_8m4pg")]
position = Vector2(1264, 244)
rotation = 1.5708

[node name="Brick96" parent="." instance=ExtResource("4_8m4pg")]
position = Vector2(1264, 756)
rotation = 1.5708

[node name="Brick97" parent="." instance=ExtResource("4_8m4pg")]
position = Vector2(1264, 788)
rotation = 1.5708

[node name="Brick98" parent="." instance=ExtResource("4_8m4pg")]
position = Vector2(1264, 820)
rotation = 1.5708

[node name="Brick101" parent="." instance=ExtResource("4_8m4pg")]
position = Vector2(656, 756)
rotation = 1.5708

[node name="Brick102" parent="." instance=ExtResource("4_8m4pg")]
position = Vector2(656, 788)
rotation = 1.5708

[node name="Brick103" parent="." instance=ExtResource("4_8m4pg")]
position = Vector2(656, 820)
rotation = 1.5708

[node name="Brick106" parent="." instance=ExtResource("4_8m4pg")]
position = Vector2(624, 852)
rotation = 1.5708

[node name="Brick107" parent="." instance=ExtResource("4_8m4pg")]
position = Vector2(624, 884)
rotation = 1.5708

[node name="Brick108" parent="." instance=ExtResource("4_8m4pg")]
position = Vector2(624, 916)
rotation = 1.5708

[node name="Brick111" parent="." instance=ExtResource("4_8m4pg")]
position = Vector2(1296, 852)
rotation = 1.5708

[node name="Brick112" parent="." instance=ExtResource("4_8m4pg")]
position = Vector2(1296, 884)
rotation = 1.5708

[node name="Brick113" parent="." instance=ExtResource("4_8m4pg")]
position = Vector2(1296, 916)
rotation = 1.5708

[node name="Brick116" parent="." instance=ExtResource("4_8m4pg")]
position = Vector2(1296, 84)
rotation = 1.5708

[node name="Brick117" parent="." instance=ExtResource("4_8m4pg")]
position = Vector2(1296, 116)
rotation = 1.5708

[node name="Brick118" parent="." instance=ExtResource("4_8m4pg")]
position = Vector2(1296, 148)
rotation = 1.5708

[node name="Brick54" parent="." instance=ExtResource("4_8m4pg")]
position = Vector2(688, 308)

[node name="Brick55" parent="." instance=ExtResource("4_8m4pg")]
position = Vector2(720, 308)

[node name="Brick52" parent="." instance=ExtResource("4_8m4pg")]
position = Vector2(656, 308)

[node name="Brick58" parent="." instance=ExtResource("4_8m4pg")]
position = Vector2(1200, 308)

[node name="Brick59" parent="." instance=ExtResource("4_8m4pg")]
position = Vector2(1264, 308)

[node name="Brick133" parent="." instance=ExtResource("4_8m4pg")]
position = Vector2(1456, 692)

[node name="Brick134" parent="." instance=ExtResource("4_8m4pg")]
position = Vector2(1456, 596)

[node name="Brick135" parent="." instance=ExtResource("4_8m4pg")]
position = Vector2(1488, 500)

[node name="Brick149" parent="." instance=ExtResource("4_8m4pg")]
position = Vector2(1488, 404)

[node name="Brick150" parent="." instance=ExtResource("4_8m4pg")]
position = Vector2(1488, 596)

[node name="Brick136" parent="." instance=ExtResource("4_8m4pg")]
position = Vector2(1456, 404)

[node name="Brick137" parent="." instance=ExtResource("4_8m4pg")]
position = Vector2(1456, 308)

[node name="Brick140" parent="." instance=ExtResource("4_8m4pg")]
position = Vector2(464, 692)

[node name="Brick141" parent="." instance=ExtResource("4_8m4pg")]
position = Vector2(464, 596)

[node name="Brick142" parent="." instance=ExtResource("4_8m4pg")]
position = Vector2(432, 500)

[node name="Brick151" parent="." instance=ExtResource("4_8m4pg")]
position = Vector2(432, 404)

[node name="Brick152" parent="." instance=ExtResource("4_8m4pg")]
position = Vector2(432, 596)

[node name="Brick143" parent="." instance=ExtResource("4_8m4pg")]
position = Vector2(464, 404)

[node name="Brick144" parent="." instance=ExtResource("4_8m4pg")]
position = Vector2(464, 308)

[node name="Brick61" parent="." instance=ExtResource("4_8m4pg")]
position = Vector2(1232, 308)

[node name="Brick53" parent="." instance=ExtResource("4_8m4pg")]
position = Vector2(752, 340)

[node name="Brick56" parent="." instance=ExtResource("4_8m4pg")]
position = Vector2(784, 340)

[node name="Brick57" parent="." instance=ExtResource("4_8m4pg")]
position = Vector2(816, 340)

[node name="Brick62" parent="." instance=ExtResource("4_8m4pg")]
position = Vector2(1168, 340)

[node name="Brick64" parent="." instance=ExtResource("4_8m4pg")]
position = Vector2(1104, 340)

[node name="Brick65" parent="." instance=ExtResource("4_8m4pg")]
position = Vector2(1136, 340)

[node name="Brick66" parent="." instance=ExtResource("4_8m4pg")]
position = Vector2(1168, 660)

[node name="Brick68" parent="." instance=ExtResource("4_8m4pg")]
position = Vector2(1104, 660)

[node name="Brick69" parent="." instance=ExtResource("4_8m4pg")]
position = Vector2(1136, 660)

[node name="Brick71" parent="." instance=ExtResource("4_8m4pg")]
position = Vector2(1200, 692)

[node name="Brick72" parent="." instance=ExtResource("4_8m4pg")]
position = Vector2(1232, 692)

[node name="Brick73" parent="." instance=ExtResource("4_8m4pg")]
position = Vector2(1264, 692)

[node name="Brick75" parent="." instance=ExtResource("4_8m4pg")]
position = Vector2(752, 660)

[node name="Brick76" parent="." instance=ExtResource("4_8m4pg")]
position = Vector2(784, 660)

[node name="Brick77" parent="." instance=ExtResource("4_8m4pg")]
position = Vector2(816, 660)

[node name="Brick78" parent="." instance=ExtResource("4_8m4pg")]
position = Vector2(720, 692)

[node name="Brick80" parent="." instance=ExtResource("4_8m4pg")]
position = Vector2(656, 692)

[node name="Brick81" parent="." instance=ExtResource("4_8m4pg")]
position = Vector2(688, 692)

[node name="Brick15" parent="." instance=ExtResource("4_8m4pg")]
position = Vector2(1040, 500)

[node name="GoldBrick" parent="." instance=ExtResource("5_wu4rb")]
position = Vector2(944, 116)

[node name="GoldBrick2" parent="." instance=ExtResource("5_wu4rb")]
position = Vector2(976, 116)

[node name="GoldBrick3" parent="." instance=ExtResource("5_wu4rb")]
position = Vector2(912, 116)

[node name="GoldBrick4" parent="." instance=ExtResource("5_wu4rb")]
position = Vector2(1008, 116)

[node name="GoldBrick5" parent="." instance=ExtResource("5_wu4rb")]
position = Vector2(944, 884)

[node name="GoldBrick6" parent="." instance=ExtResource("5_wu4rb")]
position = Vector2(976, 884)

[node name="GoldBrick7" parent="." instance=ExtResource("5_wu4rb")]
position = Vector2(912, 884)

[node name="GoldBrick9" parent="." instance=ExtResource("5_wu4rb")]
position = Vector2(976, 500)

[node name="GoldBrick10" parent="." instance=ExtResource("5_wu4rb")]
position = Vector2(944, 500)

[node name="GoldBrick12" parent="." instance=ExtResource("5_wu4rb")]
position = Vector2(1328, 500)
rotation = 1.5708

[node name="GoldBrick15" parent="." instance=ExtResource("5_wu4rb")]
position = Vector2(960, 276)
rotation = 1.5708

[node name="GoldBrick16" parent="." instance=ExtResource("5_wu4rb")]
position = Vector2(960, 724)
rotation = 1.5708

[node name="GoldBrick14" parent="." instance=ExtResource("5_wu4rb")]
position = Vector2(592, 500)
rotation = 1.5708

[node name="GoldBrick11" parent="." instance=ExtResource("5_wu4rb")]
position = Vector2(1456, 500)

[node name="GoldBrick13" parent="." instance=ExtResource("5_wu4rb")]
position = Vector2(464, 500)

[node name="GoldBrick8" parent="." instance=ExtResource("5_wu4rb")]
position = Vector2(1008, 884)

[node name="StickyBrick" parent="." instance=ExtResource("6_jxsph")]
position = Vector2(784, 180)

[node name="StickyBrick2" parent="." instance=ExtResource("6_jxsph")]
position = Vector2(1136, 180)

[node name="StickyBrick3" parent="." instance=ExtResource("6_jxsph")]
position = Vector2(784, 820)

[node name="StickyBrick4" parent="." instance=ExtResource("6_jxsph")]
position = Vector2(1136, 820)

[node name="TimingBrick" parent="." instance=ExtResource("7_df66y")]
position = Vector2(48, 244)

[node name="TimingBrick2" parent="." instance=ExtResource("7_df66y")]
position = Vector2(1872, 244)

[node name="TimingBrick3" parent="." instance=ExtResource("7_df66y")]
position = Vector2(48, 756)

[node name="TimingBrick4" parent="." instance=ExtResource("7_df66y")]
position = Vector2(1872, 756)

[node name="TimingBrick5" parent="." instance=ExtResource("7_df66y")]
position = Vector2(48, 452)
is_green = true

[node name="TimingBrick11" parent="." instance=ExtResource("7_df66y")]
position = Vector2(48, 548)
is_green = true

[node name="TimingBrick7" parent="." instance=ExtResource("7_df66y")]
position = Vector2(848, 452)
is_green = true

[node name="TimingBrick8" parent="." instance=ExtResource("7_df66y")]
position = Vector2(848, 548)
is_green = true

[node name="TimingBrick9" parent="." instance=ExtResource("7_df66y")]
position = Vector2(1072, 452)
is_green = true

[node name="TimingBrick10" parent="." instance=ExtResource("7_df66y")]
position = Vector2(1072, 548)
is_green = true

[node name="TimingBrick6" parent="." instance=ExtResource("7_df66y")]
position = Vector2(1872, 452)
is_green = true

[node name="TimingBrick12" parent="." instance=ExtResource("7_df66y")]
position = Vector2(1872, 548)
is_green = true

[node name="MultiBallsBrick" parent="." instance=ExtResource("8_lxrje")]
position = Vector2(528, 500)

[node name="MultiBallsBrick2" parent="." instance=ExtResource("8_lxrje")]
position = Vector2(1392, 500)

[node name="MultiBallsBrick3" parent="." instance=ExtResource("8_lxrje")]
position = Vector2(912, 500)

[node name="MultiBallsBrick5" parent="." instance=ExtResource("8_lxrje")]
position = Vector2(960, 244)
rotation = 1.5708

[node name="MultiBallsBrick6" parent="." instance=ExtResource("8_lxrje")]
position = Vector2(960, 756)
rotation = 1.5708

[node name="MultiBallsBrick4" parent="." instance=ExtResource("8_lxrje")]
position = Vector2(1008, 500)

[node name="OwnerBrick" parent="." instance=ExtResource("9_fn47m")]
position = Vector2(880, 884)

[node name="OwnerBrick3" parent="." instance=ExtResource("9_fn47m")]
position = Vector2(1040, 884)

[node name="OwnerBrick5" parent="." instance=ExtResource("9_fn47m")]
position = Vector2(880, 116)

[node name="OwnerBrick9" parent="." instance=ExtResource("9_fn47m")]
position = Vector2(912, 180)
rotation = 1.5708

[node name="OwnerBrick10" parent="." instance=ExtResource("9_fn47m")]
position = Vector2(1008, 180)
rotation = 1.5708

[node name="OwnerBrick11" parent="." instance=ExtResource("9_fn47m")]
position = Vector2(912, 820)
rotation = 1.5708

[node name="OwnerBrick12" parent="." instance=ExtResource("9_fn47m")]
position = Vector2(1008, 820)
rotation = 1.5708

[node name="OwnerBrick7" parent="." instance=ExtResource("9_fn47m")]
position = Vector2(1040, 116)

[node name="OwnerBrick8" parent="." instance=ExtResource("9_fn47m")]
position = Vector2(1424, 404)

[node name="OwnerBrick13" parent="." instance=ExtResource("9_fn47m")]
position = Vector2(1424, 500)

[node name="OwnerBrick14" parent="." instance=ExtResource("9_fn47m")]
position = Vector2(1424, 596)

[node name="OwnerBrick15" parent="." instance=ExtResource("9_fn47m")]
position = Vector2(496, 404)

[node name="OwnerBrick16" parent="." instance=ExtResource("9_fn47m")]
position = Vector2(496, 500)

[node name="OwnerBrick17" parent="." instance=ExtResource("9_fn47m")]
position = Vector2(496, 596)

[node name="HPBrick" parent="." instance=ExtResource("10_kg8uf")]
position = Vector2(560, 116)
brick_hp = 2

[node name="HPBrick2" parent="." instance=ExtResource("10_kg8uf")]
position = Vector2(592, 212)
brick_hp = 2

[node name="HPBrick4" parent="." instance=ExtResource("10_kg8uf")]
position = Vector2(688, 116)
brick_hp = 2

[node name="HPBrick5" parent="." instance=ExtResource("10_kg8uf")]
position = Vector2(720, 212)
brick_hp = 2

[node name="HPBrick9" parent="." instance=ExtResource("10_kg8uf")]
position = Vector2(1200, 788)
brick_hp = 2

[node name="HPBrick10" parent="." instance=ExtResource("10_kg8uf")]
position = Vector2(1232, 884)
brick_hp = 2

[node name="HPBrick3" parent="." instance=ExtResource("10_kg8uf")]
position = Vector2(624, 308)
brick_hp = 2

[node name="HPBrick55" parent="." instance=ExtResource("10_kg8uf")]
position = Vector2(848, 340)
brick_hp = 2

[node name="HPBrick56" parent="." instance=ExtResource("10_kg8uf")]
position = Vector2(848, 660)
brick_hp = 2

[node name="HPBrick57" parent="." instance=ExtResource("10_kg8uf")]
position = Vector2(1072, 660)
brick_hp = 2

[node name="HPBrick75" parent="." instance=ExtResource("10_kg8uf")]
position = Vector2(1072, 852)
brick_hp = 3

[node name="HPBrick76" parent="." instance=ExtResource("10_kg8uf")]
position = Vector2(848, 852)
brick_hp = 3

[node name="HPBrick77" parent="." instance=ExtResource("10_kg8uf")]
position = Vector2(848, 148)
brick_hp = 3

[node name="HPBrick78" parent="." instance=ExtResource("10_kg8uf")]
position = Vector2(1072, 148)
brick_hp = 3

[node name="HPBrick58" parent="." instance=ExtResource("10_kg8uf")]
position = Vector2(1072, 340)
brick_hp = 2

[node name="HPBrick59" parent="." instance=ExtResource("10_kg8uf")]
position = Vector2(1008, 404)
brick_hp = 2

[node name="HPBrick60" parent="." instance=ExtResource("10_kg8uf")]
position = Vector2(1008, 596)
brick_hp = 2

[node name="HPBrick61" parent="." instance=ExtResource("10_kg8uf")]
position = Vector2(912, 404)
brick_hp = 2

[node name="HPBrick62" parent="." instance=ExtResource("10_kg8uf")]
position = Vector2(912, 596)
brick_hp = 2

[node name="HPBrick63" parent="." instance=ExtResource("10_kg8uf")]
position = Vector2(944, 404)
brick_hp = 3

[node name="HPBrick64" parent="." instance=ExtResource("10_kg8uf")]
position = Vector2(944, 596)
brick_hp = 3

[node name="HPBrick65" parent="." instance=ExtResource("10_kg8uf")]
position = Vector2(976, 404)
brick_hp = 3

[node name="HPBrick66" parent="." instance=ExtResource("10_kg8uf")]
position = Vector2(976, 596)
brick_hp = 3

[node name="HPBrick33" parent="." instance=ExtResource("10_kg8uf")]
position = Vector2(688, 372)
rotation = 1.5708
brick_hp = 2

[node name="HPBrick34" parent="." instance=ExtResource("10_kg8uf")]
position = Vector2(784, 404)
rotation = 1.5708
brick_hp = 2

[node name="HPBrick35" parent="." instance=ExtResource("10_kg8uf")]
position = Vector2(592, 468)
rotation = 1.5708
brick_hp = 2

[node name="HPBrick36" parent="." instance=ExtResource("10_kg8uf")]
position = Vector2(688, 500)
rotation = 1.5708
brick_hp = 2

[node name="HPBrick37" parent="." instance=ExtResource("10_kg8uf")]
position = Vector2(1136, 596)
rotation = 1.5708
brick_hp = 2

[node name="HPBrick45" parent="." instance=ExtResource("10_kg8uf")]
position = Vector2(1136, 724)
rotation = 1.5708
brick_hp = 2

[node name="HPBrick46" parent="." instance=ExtResource("10_kg8uf")]
position = Vector2(784, 724)
rotation = 1.5708
brick_hp = 2

[node name="HPBrick51" parent="." instance=ExtResource("10_kg8uf")]
position = Vector2(912, 660)
rotation = 1.5708
brick_hp = 2

[node name="HPBrick52" parent="." instance=ExtResource("10_kg8uf")]
position = Vector2(1008, 660)
rotation = 1.5708
brick_hp = 2

[node name="HPBrick53" parent="." instance=ExtResource("10_kg8uf")]
position = Vector2(1008, 340)
rotation = 1.5708
brick_hp = 2

[node name="HPBrick54" parent="." instance=ExtResource("10_kg8uf")]
position = Vector2(912, 340)
rotation = 1.5708
brick_hp = 2

[node name="HPBrick47" parent="." instance=ExtResource("10_kg8uf")]
position = Vector2(784, 276)
rotation = 1.5708
brick_hp = 2

[node name="HPBrick67" parent="." instance=ExtResource("10_kg8uf")]
position = Vector2(816, 84)
rotation = 1.5708
brick_hp = 3

[node name="HPBrick68" parent="." instance=ExtResource("10_kg8uf")]
position = Vector2(912, 212)
rotation = 1.5708
brick_hp = 3

[node name="HPBrick69" parent="." instance=ExtResource("10_kg8uf")]
position = Vector2(1008, 212)
rotation = 1.5708
brick_hp = 3

[node name="HPBrick71" parent="." instance=ExtResource("10_kg8uf")]
position = Vector2(912, 788)
rotation = 1.5708
brick_hp = 3

[node name="HPBrick72" parent="." instance=ExtResource("10_kg8uf")]
position = Vector2(1008, 788)
rotation = 1.5708
brick_hp = 3

[node name="HPBrick70" parent="." instance=ExtResource("10_kg8uf")]
position = Vector2(1104, 84)
rotation = 1.5708
brick_hp = 3

[node name="HPBrick73" parent="." instance=ExtResource("10_kg8uf")]
position = Vector2(816, 916)
rotation = 1.5708
brick_hp = 3

[node name="HPBrick74" parent="." instance=ExtResource("10_kg8uf")]
position = Vector2(1104, 916)
rotation = 1.5708
brick_hp = 3

[node name="HPBrick48" parent="." instance=ExtResource("10_kg8uf")]
position = Vector2(1136, 276)
rotation = 1.5708
brick_hp = 2

[node name="HPBrick49" parent="." instance=ExtResource("10_kg8uf")]
position = Vector2(1328, 468)
rotation = 1.5708
brick_hp = 2

[node name="HPBrick50" parent="." instance=ExtResource("10_kg8uf")]
position = Vector2(592, 532)
rotation = 1.5708
brick_hp = 2

[node name="HPBrick38" parent="." instance=ExtResource("10_kg8uf")]
position = Vector2(1232, 628)
rotation = 1.5708
brick_hp = 2

[node name="HPBrick39" parent="." instance=ExtResource("10_kg8uf")]
position = Vector2(1232, 500)
rotation = 1.5708
brick_hp = 2

[node name="HPBrick41" parent="." instance=ExtResource("10_kg8uf")]
position = Vector2(1232, 372)
rotation = 1.5708
brick_hp = 2

[node name="HPBrick42" parent="." instance=ExtResource("10_kg8uf")]
position = Vector2(1136, 404)
rotation = 1.5708
brick_hp = 2

[node name="HPBrick43" parent="." instance=ExtResource("10_kg8uf")]
position = Vector2(784, 596)
rotation = 1.5708
brick_hp = 2

[node name="HPBrick44" parent="." instance=ExtResource("10_kg8uf")]
position = Vector2(688, 628)
rotation = 1.5708
brick_hp = 2

[node name="HPBrick40" parent="." instance=ExtResource("10_kg8uf")]
position = Vector2(1328, 532)
rotation = 1.5708
brick_hp = 2

[node name="HPBrick11" parent="." instance=ExtResource("10_kg8uf")]
position = Vector2(464, 212)
brick_hp = 2

[node name="HPBrick12" parent="." instance=ExtResource("10_kg8uf")]
position = Vector2(496, 308)
brick_hp = 2

[node name="HPBrick13" parent="." instance=ExtResource("10_kg8uf")]
position = Vector2(528, 404)
brick_hp = 2

[node name="HPBrick17" parent="." instance=ExtResource("10_kg8uf")]
position = Vector2(528, 596)
brick_hp = 2

[node name="HPBrick18" parent="." instance=ExtResource("10_kg8uf")]
position = Vector2(496, 692)
brick_hp = 2

[node name="HPBrick19" parent="." instance=ExtResource("10_kg8uf")]
position = Vector2(464, 788)
brick_hp = 2

[node name="HPBrick23" parent="." instance=ExtResource("10_kg8uf")]
position = Vector2(1360, 116)
brick_hp = 2

[node name="HPBrick24" parent="." instance=ExtResource("10_kg8uf")]
position = Vector2(1328, 212)
brick_hp = 2

[node name="HPBrick29" parent="." instance=ExtResource("10_kg8uf")]
position = Vector2(1232, 116)
brick_hp = 2

[node name="HPBrick30" parent="." instance=ExtResource("10_kg8uf")]
position = Vector2(1200, 212)
brick_hp = 2

[node name="HPBrick31" parent="." instance=ExtResource("10_kg8uf")]
position = Vector2(720, 788)
brick_hp = 2

[node name="HPBrick32" parent="." instance=ExtResource("10_kg8uf")]
position = Vector2(688, 884)
brick_hp = 2

[node name="HPBrick25" parent="." instance=ExtResource("10_kg8uf")]
position = Vector2(1296, 308)
brick_hp = 2

[node name="HPBrick26" parent="." instance=ExtResource("10_kg8uf")]
position = Vector2(1456, 212)
brick_hp = 2

[node name="HPBrick27" parent="." instance=ExtResource("10_kg8uf")]
position = Vector2(1424, 308)
brick_hp = 2

[node name="HPBrick28" parent="." instance=ExtResource("10_kg8uf")]
position = Vector2(1392, 404)
brick_hp = 2

[node name="HPBrick20" parent="." instance=ExtResource("10_kg8uf")]
position = Vector2(624, 692)
brick_hp = 2

[node name="HPBrick21" parent="." instance=ExtResource("10_kg8uf")]
position = Vector2(592, 788)
brick_hp = 2

[node name="HPBrick22" parent="." instance=ExtResource("10_kg8uf")]
position = Vector2(560, 884)
brick_hp = 2

[node name="HPBrick6" parent="." instance=ExtResource("10_kg8uf")]
position = Vector2(1296, 692)
brick_hp = 2

[node name="HPBrick7" parent="." instance=ExtResource("10_kg8uf")]
position = Vector2(1328, 788)
brick_hp = 2

[node name="HPBrick8" parent="." instance=ExtResource("10_kg8uf")]
position = Vector2(1360, 884)
brick_hp = 2

[node name="HPBrick14" parent="." instance=ExtResource("10_kg8uf")]
position = Vector2(1392, 596)
brick_hp = 2

[node name="HPBrick15" parent="." instance=ExtResource("10_kg8uf")]
position = Vector2(1424, 692)
brick_hp = 2

[node name="HPBrick16" parent="." instance=ExtResource("10_kg8uf")]
position = Vector2(1456, 788)
brick_hp = 2

[connection signal="effect" from="Brick5" to="." method="_on_effect"]
[connection signal="gold" from="Brick5" to="." method="_on_gold"]
[connection signal="points" from="Brick5" to="." method="_on_points"]
[connection signal="effect" from="Brick19" to="." method="_on_effect"]
[connection signal="gold" from="Brick19" to="." method="_on_gold"]
[connection signal="points" from="Brick19" to="." method="_on_points"]
[connection signal="effect" from="Brick42" to="." method="_on_effect"]
[connection signal="gold" from="Brick42" to="." method="_on_gold"]
[connection signal="points" from="Brick42" to="." method="_on_points"]
[connection signal="effect" from="Brick43" to="." method="_on_effect"]
[connection signal="gold" from="Brick43" to="." method="_on_gold"]
[connection signal="points" from="Brick43" to="." method="_on_points"]
[connection signal="effect" from="Brick44" to="." method="_on_effect"]
[connection signal="gold" from="Brick44" to="." method="_on_gold"]
[connection signal="points" from="Brick44" to="." method="_on_points"]
[connection signal="effect" from="Brick45" to="." method="_on_effect"]
[connection signal="gold" from="Brick45" to="." method="_on_gold"]
[connection signal="points" from="Brick45" to="." method="_on_points"]
[connection signal="effect" from="Brick46" to="." method="_on_effect"]
[connection signal="gold" from="Brick46" to="." method="_on_gold"]
[connection signal="points" from="Brick46" to="." method="_on_points"]
[connection signal="effect" from="Brick47" to="." method="_on_effect"]
[connection signal="gold" from="Brick47" to="." method="_on_gold"]
[connection signal="points" from="Brick47" to="." method="_on_points"]
[connection signal="effect" from="Brick22" to="." method="_on_effect"]
[connection signal="gold" from="Brick22" to="." method="_on_gold"]
[connection signal="points" from="Brick22" to="." method="_on_points"]
[connection signal="effect" from="Brick7" to="." method="_on_effect"]
[connection signal="gold" from="Brick7" to="." method="_on_gold"]
[connection signal="points" from="Brick7" to="." method="_on_points"]
[connection signal="effect" from="Brick16" to="." method="_on_effect"]
[connection signal="gold" from="Brick16" to="." method="_on_gold"]
[connection signal="points" from="Brick16" to="." method="_on_points"]
[connection signal="effect" from="Brick10" to="." method="_on_effect"]
[connection signal="gold" from="Brick10" to="." method="_on_gold"]
[connection signal="points" from="Brick10" to="." method="_on_points"]
[connection signal="effect" from="Brick14" to="." method="_on_effect"]
[connection signal="gold" from="Brick14" to="." method="_on_gold"]
[connection signal="points" from="Brick14" to="." method="_on_points"]
[connection signal="effect" from="Brick91" to="." method="_on_effect"]
[connection signal="gold" from="Brick91" to="." method="_on_gold"]
[connection signal="points" from="Brick91" to="." method="_on_points"]
[connection signal="effect" from="Brick92" to="." method="_on_effect"]
[connection signal="gold" from="Brick92" to="." method="_on_gold"]
[connection signal="points" from="Brick92" to="." method="_on_points"]
[connection signal="effect" from="Brick93" to="." method="_on_effect"]
[connection signal="gold" from="Brick93" to="." method="_on_gold"]
[connection signal="points" from="Brick93" to="." method="_on_points"]
[connection signal="effect" from="Brick96" to="." method="_on_effect"]
[connection signal="gold" from="Brick96" to="." method="_on_gold"]
[connection signal="points" from="Brick96" to="." method="_on_points"]
[connection signal="effect" from="Brick97" to="." method="_on_effect"]
[connection signal="gold" from="Brick97" to="." method="_on_gold"]
[connection signal="points" from="Brick97" to="." method="_on_points"]
[connection signal="effect" from="Brick98" to="." method="_on_effect"]
[connection signal="gold" from="Brick98" to="." method="_on_gold"]
[connection signal="points" from="Brick98" to="." method="_on_points"]
[connection signal="effect" from="Brick101" to="." method="_on_effect"]
[connection signal="gold" from="Brick101" to="." method="_on_gold"]
[connection signal="points" from="Brick101" to="." method="_on_points"]
[connection signal="effect" from="Brick102" to="." method="_on_effect"]
[connection signal="gold" from="Brick102" to="." method="_on_gold"]
[connection signal="points" from="Brick102" to="." method="_on_points"]
[connection signal="effect" from="Brick103" to="." method="_on_effect"]
[connection signal="gold" from="Brick103" to="." method="_on_gold"]
[connection signal="points" from="Brick103" to="." method="_on_points"]
[connection signal="effect" from="Brick106" to="." method="_on_effect"]
[connection signal="gold" from="Brick106" to="." method="_on_gold"]
[connection signal="points" from="Brick106" to="." method="_on_points"]
[connection signal="effect" from="Brick107" to="." method="_on_effect"]
[connection signal="gold" from="Brick107" to="." method="_on_gold"]
[connection signal="points" from="Brick107" to="." method="_on_points"]
[connection signal="effect" from="Brick108" to="." method="_on_effect"]
[connection signal="gold" from="Brick108" to="." method="_on_gold"]
[connection signal="points" from="Brick108" to="." method="_on_points"]
[connection signal="effect" from="Brick111" to="." method="_on_effect"]
[connection signal="gold" from="Brick111" to="." method="_on_gold"]
[connection signal="points" from="Brick111" to="." method="_on_points"]
[connection signal="effect" from="Brick112" to="." method="_on_effect"]
[connection signal="gold" from="Brick112" to="." method="_on_gold"]
[connection signal="points" from="Brick112" to="." method="_on_points"]
[connection signal="effect" from="Brick113" to="." method="_on_effect"]
[connection signal="gold" from="Brick113" to="." method="_on_gold"]
[connection signal="points" from="Brick113" to="." method="_on_points"]
[connection signal="effect" from="Brick116" to="." method="_on_effect"]
[connection signal="gold" from="Brick116" to="." method="_on_gold"]
[connection signal="points" from="Brick116" to="." method="_on_points"]
[connection signal="effect" from="Brick117" to="." method="_on_effect"]
[connection signal="gold" from="Brick117" to="." method="_on_gold"]
[connection signal="points" from="Brick117" to="." method="_on_points"]
[connection signal="effect" from="Brick118" to="." method="_on_effect"]
[connection signal="gold" from="Brick118" to="." method="_on_gold"]
[connection signal="points" from="Brick118" to="." method="_on_points"]
[connection signal="effect" from="Brick54" to="." method="_on_effect"]
[connection signal="gold" from="Brick54" to="." method="_on_gold"]
[connection signal="points" from="Brick54" to="." method="_on_points"]
[connection signal="effect" from="Brick55" to="." method="_on_effect"]
[connection signal="gold" from="Brick55" to="." method="_on_gold"]
[connection signal="points" from="Brick55" to="." method="_on_points"]
[connection signal="effect" from="Brick52" to="." method="_on_effect"]
[connection signal="gold" from="Brick52" to="." method="_on_gold"]
[connection signal="points" from="Brick52" to="." method="_on_points"]
[connection signal="effect" from="Brick58" to="." method="_on_effect"]
[connection signal="gold" from="Brick58" to="." method="_on_gold"]
[connection signal="points" from="Brick58" to="." method="_on_points"]
[connection signal="effect" from="Brick59" to="." method="_on_effect"]
[connection signal="gold" from="Brick59" to="." method="_on_gold"]
[connection signal="points" from="Brick59" to="." method="_on_points"]
[connection signal="effect" from="Brick133" to="." method="_on_effect"]
[connection signal="gold" from="Brick133" to="." method="_on_gold"]
[connection signal="points" from="Brick133" to="." method="_on_points"]
[connection signal="effect" from="Brick134" to="." method="_on_effect"]
[connection signal="gold" from="Brick134" to="." method="_on_gold"]
[connection signal="points" from="Brick134" to="." method="_on_points"]
[connection signal="effect" from="Brick135" to="." method="_on_effect"]
[connection signal="gold" from="Brick135" to="." method="_on_gold"]
[connection signal="points" from="Brick135" to="." method="_on_points"]
[connection signal="effect" from="Brick149" to="." method="_on_effect"]
[connection signal="gold" from="Brick149" to="." method="_on_gold"]
[connection signal="points" from="Brick149" to="." method="_on_points"]
[connection signal="effect" from="Brick150" to="." method="_on_effect"]
[connection signal="gold" from="Brick150" to="." method="_on_gold"]
[connection signal="points" from="Brick150" to="." method="_on_points"]
[connection signal="effect" from="Brick136" to="." method="_on_effect"]
[connection signal="gold" from="Brick136" to="." method="_on_gold"]
[connection signal="points" from="Brick136" to="." method="_on_points"]
[connection signal="effect" from="Brick137" to="." method="_on_effect"]
[connection signal="gold" from="Brick137" to="." method="_on_gold"]
[connection signal="points" from="Brick137" to="." method="_on_points"]
[connection signal="effect" from="Brick140" to="." method="_on_effect"]
[connection signal="gold" from="Brick140" to="." method="_on_gold"]
[connection signal="points" from="Brick140" to="." method="_on_points"]
[connection signal="effect" from="Brick141" to="." method="_on_effect"]
[connection signal="gold" from="Brick141" to="." method="_on_gold"]
[connection signal="points" from="Brick141" to="." method="_on_points"]
[connection signal="effect" from="Brick142" to="." method="_on_effect"]
[connection signal="gold" from="Brick142" to="." method="_on_gold"]
[connection signal="points" from="Brick142" to="." method="_on_points"]
[connection signal="effect" from="Brick151" to="." method="_on_effect"]
[connection signal="gold" from="Brick151" to="." method="_on_gold"]
[connection signal="points" from="Brick151" to="." method="_on_points"]
[connection signal="effect" from="Brick152" to="." method="_on_effect"]
[connection signal="gold" from="Brick152" to="." method="_on_gold"]
[connection signal="points" from="Brick152" to="." method="_on_points"]
[connection signal="effect" from="Brick143" to="." method="_on_effect"]
[connection signal="gold" from="Brick143" to="." method="_on_gold"]
[connection signal="points" from="Brick143" to="." method="_on_points"]
[connection signal="effect" from="Brick144" to="." method="_on_effect"]
[connection signal="gold" from="Brick144" to="." method="_on_gold"]
[connection signal="points" from="Brick144" to="." method="_on_points"]
[connection signal="effect" from="Brick61" to="." method="_on_effect"]
[connection signal="gold" from="Brick61" to="." method="_on_gold"]
[connection signal="points" from="Brick61" to="." method="_on_points"]
[connection signal="effect" from="Brick53" to="." method="_on_effect"]
[connection signal="gold" from="Brick53" to="." method="_on_gold"]
[connection signal="points" from="Brick53" to="." method="_on_points"]
[connection signal="effect" from="Brick56" to="." method="_on_effect"]
[connection signal="gold" from="Brick56" to="." method="_on_gold"]
[connection signal="points" from="Brick56" to="." method="_on_points"]
[connection signal="effect" from="Brick57" to="." method="_on_effect"]
[connection signal="gold" from="Brick57" to="." method="_on_gold"]
[connection signal="points" from="Brick57" to="." method="_on_points"]
[connection signal="effect" from="Brick62" to="." method="_on_effect"]
[connection signal="gold" from="Brick62" to="." method="_on_gold"]
[connection signal="points" from="Brick62" to="." method="_on_points"]
[connection signal="effect" from="Brick64" to="." method="_on_effect"]
[connection signal="gold" from="Brick64" to="." method="_on_gold"]
[connection signal="points" from="Brick64" to="." method="_on_points"]
[connection signal="effect" from="Brick65" to="." method="_on_effect"]
[connection signal="gold" from="Brick65" to="." method="_on_gold"]
[connection signal="points" from="Brick65" to="." method="_on_points"]
[connection signal="effect" from="Brick66" to="." method="_on_effect"]
[connection signal="gold" from="Brick66" to="." method="_on_gold"]
[connection signal="points" from="Brick66" to="." method="_on_points"]
[connection signal="effect" from="Brick68" to="." method="_on_effect"]
[connection signal="gold" from="Brick68" to="." method="_on_gold"]
[connection signal="points" from="Brick68" to="." method="_on_points"]
[connection signal="effect" from="Brick69" to="." method="_on_effect"]
[connection signal="gold" from="Brick69" to="." method="_on_gold"]
[connection signal="points" from="Brick69" to="." method="_on_points"]
[connection signal="effect" from="Brick71" to="." method="_on_effect"]
[connection signal="gold" from="Brick71" to="." method="_on_gold"]
[connection signal="points" from="Brick71" to="." method="_on_points"]
[connection signal="effect" from="Brick72" to="." method="_on_effect"]
[connection signal="gold" from="Brick72" to="." method="_on_gold"]
[connection signal="points" from="Brick72" to="." method="_on_points"]
[connection signal="effect" from="Brick73" to="." method="_on_effect"]
[connection signal="gold" from="Brick73" to="." method="_on_gold"]
[connection signal="points" from="Brick73" to="." method="_on_points"]
[connection signal="effect" from="Brick75" to="." method="_on_effect"]
[connection signal="gold" from="Brick75" to="." method="_on_gold"]
[connection signal="points" from="Brick75" to="." method="_on_points"]
[connection signal="effect" from="Brick76" to="." method="_on_effect"]
[connection signal="gold" from="Brick76" to="." method="_on_gold"]
[connection signal="points" from="Brick76" to="." method="_on_points"]
[connection signal="effect" from="Brick77" to="." method="_on_effect"]
[connection signal="gold" from="Brick77" to="." method="_on_gold"]
[connection signal="points" from="Brick77" to="." method="_on_points"]
[connection signal="effect" from="Brick78" to="." method="_on_effect"]
[connection signal="gold" from="Brick78" to="." method="_on_gold"]
[connection signal="points" from="Brick78" to="." method="_on_points"]
[connection signal="effect" from="Brick80" to="." method="_on_effect"]
[connection signal="gold" from="Brick80" to="." method="_on_gold"]
[connection signal="points" from="Brick80" to="." method="_on_points"]
[connection signal="effect" from="Brick81" to="." method="_on_effect"]
[connection signal="gold" from="Brick81" to="." method="_on_gold"]
[connection signal="points" from="Brick81" to="." method="_on_points"]
[connection signal="effect" from="Brick15" to="." method="_on_effect"]
[connection signal="gold" from="Brick15" to="." method="_on_gold"]
[connection signal="points" from="Brick15" to="." method="_on_points"]
[connection signal="effect" from="GoldBrick" to="." method="_on_effect"]
[connection signal="gold" from="GoldBrick" to="." method="_on_gold"]
[connection signal="points" from="GoldBrick" to="." method="_on_points"]
[connection signal="effect" from="GoldBrick2" to="." method="_on_effect"]
[connection signal="gold" from="GoldBrick2" to="." method="_on_gold"]
[connection signal="points" from="GoldBrick2" to="." method="_on_points"]
[connection signal="effect" from="GoldBrick3" to="." method="_on_effect"]
[connection signal="gold" from="GoldBrick3" to="." method="_on_gold"]
[connection signal="points" from="GoldBrick3" to="." method="_on_points"]
[connection signal="effect" from="GoldBrick4" to="." method="_on_effect"]
[connection signal="gold" from="GoldBrick4" to="." method="_on_gold"]
[connection signal="points" from="GoldBrick4" to="." method="_on_points"]
[connection signal="effect" from="GoldBrick5" to="." method="_on_effect"]
[connection signal="gold" from="GoldBrick5" to="." method="_on_gold"]
[connection signal="points" from="GoldBrick5" to="." method="_on_points"]
[connection signal="effect" from="GoldBrick6" to="." method="_on_effect"]
[connection signal="gold" from="GoldBrick6" to="." method="_on_gold"]
[connection signal="points" from="GoldBrick6" to="." method="_on_points"]
[connection signal="effect" from="GoldBrick7" to="." method="_on_effect"]
[connection signal="gold" from="GoldBrick7" to="." method="_on_gold"]
[connection signal="points" from="GoldBrick7" to="." method="_on_points"]
[connection signal="effect" from="GoldBrick9" to="." method="_on_effect"]
[connection signal="gold" from="GoldBrick9" to="." method="_on_gold"]
[connection signal="points" from="GoldBrick9" to="." method="_on_points"]
[connection signal="effect" from="GoldBrick10" to="." method="_on_effect"]
[connection signal="gold" from="GoldBrick10" to="." method="_on_gold"]
[connection signal="points" from="GoldBrick10" to="." method="_on_points"]
[connection signal="effect" from="GoldBrick12" to="." method="_on_effect"]
[connection signal="gold" from="GoldBrick12" to="." method="_on_gold"]
[connection signal="points" from="GoldBrick12" to="." method="_on_points"]
[connection signal="effect" from="GoldBrick15" to="." method="_on_effect"]
[connection signal="gold" from="GoldBrick15" to="." method="_on_gold"]
[connection signal="points" from="GoldBrick15" to="." method="_on_points"]
[connection signal="effect" from="GoldBrick16" to="." method="_on_effect"]
[connection signal="gold" from="GoldBrick16" to="." method="_on_gold"]
[connection signal="points" from="GoldBrick16" to="." method="_on_points"]
[connection signal="effect" from="GoldBrick14" to="." method="_on_effect"]
[connection signal="gold" from="GoldBrick14" to="." method="_on_gold"]
[connection signal="points" from="GoldBrick14" to="." method="_on_points"]
[connection signal="effect" from="GoldBrick11" to="." method="_on_effect"]
[connection signal="gold" from="GoldBrick11" to="." method="_on_gold"]
[connection signal="points" from="GoldBrick11" to="." method="_on_points"]
[connection signal="effect" from="GoldBrick13" to="." method="_on_effect"]
[connection signal="gold" from="GoldBrick13" to="." method="_on_gold"]
[connection signal="points" from="GoldBrick13" to="." method="_on_points"]
[connection signal="effect" from="GoldBrick8" to="." method="_on_effect"]
[connection signal="gold" from="GoldBrick8" to="." method="_on_gold"]
[connection signal="points" from="GoldBrick8" to="." method="_on_points"]
[connection signal="effect" from="StickyBrick" to="." method="_on_effect"]
[connection signal="gold" from="StickyBrick" to="." method="_on_gold"]
[connection signal="points" from="StickyBrick" to="." method="_on_points"]
[connection signal="effect" from="StickyBrick2" to="." method="_on_effect"]
[connection signal="gold" from="StickyBrick2" to="." method="_on_gold"]
[connection signal="points" from="StickyBrick2" to="." method="_on_points"]
[connection signal="effect" from="StickyBrick3" to="." method="_on_effect"]
[connection signal="gold" from="StickyBrick3" to="." method="_on_gold"]
[connection signal="points" from="StickyBrick3" to="." method="_on_points"]
[connection signal="effect" from="StickyBrick4" to="." method="_on_effect"]
[connection signal="gold" from="StickyBrick4" to="." method="_on_gold"]
[connection signal="points" from="StickyBrick4" to="." method="_on_points"]
[connection signal="effect" from="MultiBallsBrick" to="." method="_on_effect"]
[connection signal="gold" from="MultiBallsBrick" to="." method="_on_gold"]
[connection signal="points" from="MultiBallsBrick" to="." method="_on_points"]
[connection signal="effect" from="MultiBallsBrick2" to="." method="_on_effect"]
[connection signal="gold" from="MultiBallsBrick2" to="." method="_on_gold"]
[connection signal="points" from="MultiBallsBrick2" to="." method="_on_points"]
[connection signal="effect" from="MultiBallsBrick3" to="." method="_on_effect"]
[connection signal="gold" from="MultiBallsBrick3" to="." method="_on_gold"]
[connection signal="points" from="MultiBallsBrick3" to="." method="_on_points"]
[connection signal="effect" from="MultiBallsBrick5" to="." method="_on_effect"]
[connection signal="gold" from="MultiBallsBrick5" to="." method="_on_gold"]
[connection signal="points" from="MultiBallsBrick5" to="." method="_on_points"]
[connection signal="effect" from="MultiBallsBrick6" to="." method="_on_effect"]
[connection signal="gold" from="MultiBallsBrick6" to="." method="_on_gold"]
[connection signal="points" from="MultiBallsBrick6" to="." method="_on_points"]
[connection signal="effect" from="MultiBallsBrick4" to="." method="_on_effect"]
[connection signal="gold" from="MultiBallsBrick4" to="." method="_on_gold"]
[connection signal="points" from="MultiBallsBrick4" to="." method="_on_points"]
[connection signal="effect" from="OwnerBrick" to="." method="_on_effect"]
[connection signal="gold" from="OwnerBrick" to="." method="_on_gold"]
[connection signal="points" from="OwnerBrick" to="." method="_on_points"]
[connection signal="effect" from="OwnerBrick3" to="." method="_on_effect"]
[connection signal="gold" from="OwnerBrick3" to="." method="_on_gold"]
[connection signal="points" from="OwnerBrick3" to="." method="_on_points"]
[connection signal="effect" from="OwnerBrick5" to="." method="_on_effect"]
[connection signal="gold" from="OwnerBrick5" to="." method="_on_gold"]
[connection signal="points" from="OwnerBrick5" to="." method="_on_points"]
[connection signal="effect" from="OwnerBrick9" to="." method="_on_effect"]
[connection signal="gold" from="OwnerBrick9" to="." method="_on_gold"]
[connection signal="points" from="OwnerBrick9" to="." method="_on_points"]
[connection signal="effect" from="OwnerBrick10" to="." method="_on_effect"]
[connection signal="gold" from="OwnerBrick10" to="." method="_on_gold"]
[connection signal="points" from="OwnerBrick10" to="." method="_on_points"]
[connection signal="effect" from="OwnerBrick11" to="." method="_on_effect"]
[connection signal="gold" from="OwnerBrick11" to="." method="_on_gold"]
[connection signal="points" from="OwnerBrick11" to="." method="_on_points"]
[connection signal="effect" from="OwnerBrick12" to="." method="_on_effect"]
[connection signal="gold" from="OwnerBrick12" to="." method="_on_gold"]
[connection signal="points" from="OwnerBrick12" to="." method="_on_points"]
[connection signal="effect" from="OwnerBrick7" to="." method="_on_effect"]
[connection signal="gold" from="OwnerBrick7" to="." method="_on_gold"]
[connection signal="points" from="OwnerBrick7" to="." method="_on_points"]
[connection signal="effect" from="OwnerBrick8" to="." method="_on_effect"]
[connection signal="gold" from="OwnerBrick8" to="." method="_on_gold"]
[connection signal="points" from="OwnerBrick8" to="." method="_on_points"]
[connection signal="effect" from="OwnerBrick13" to="." method="_on_effect"]
[connection signal="gold" from="OwnerBrick13" to="." method="_on_gold"]
[connection signal="points" from="OwnerBrick13" to="." method="_on_points"]
[connection signal="effect" from="OwnerBrick14" to="." method="_on_effect"]
[connection signal="gold" from="OwnerBrick14" to="." method="_on_gold"]
[connection signal="points" from="OwnerBrick14" to="." method="_on_points"]
[connection signal="effect" from="OwnerBrick15" to="." method="_on_effect"]
[connection signal="gold" from="OwnerBrick15" to="." method="_on_gold"]
[connection signal="points" from="OwnerBrick15" to="." method="_on_points"]
[connection signal="effect" from="OwnerBrick16" to="." method="_on_effect"]
[connection signal="gold" from="OwnerBrick16" to="." method="_on_gold"]
[connection signal="points" from="OwnerBrick16" to="." method="_on_points"]
[connection signal="effect" from="OwnerBrick17" to="." method="_on_effect"]
[connection signal="gold" from="OwnerBrick17" to="." method="_on_gold"]
[connection signal="points" from="OwnerBrick17" to="." method="_on_points"]
[connection signal="effect" from="HPBrick" to="." method="_on_effect"]
[connection signal="gold" from="HPBrick" to="." method="_on_gold"]
[connection signal="points" from="HPBrick" to="." method="_on_points"]
[connection signal="effect" from="HPBrick2" to="." method="_on_effect"]
[connection signal="gold" from="HPBrick2" to="." method="_on_gold"]
[connection signal="points" from="HPBrick2" to="." method="_on_points"]
[connection signal="effect" from="HPBrick4" to="." method="_on_effect"]
[connection signal="gold" from="HPBrick4" to="." method="_on_gold"]
[connection signal="points" from="HPBrick4" to="." method="_on_points"]
[connection signal="effect" from="HPBrick5" to="." method="_on_effect"]
[connection signal="gold" from="HPBrick5" to="." method="_on_gold"]
[connection signal="points" from="HPBrick5" to="." method="_on_points"]
[connection signal="effect" from="HPBrick9" to="." method="_on_effect"]
[connection signal="gold" from="HPBrick9" to="." method="_on_gold"]
[connection signal="points" from="HPBrick9" to="." method="_on_points"]
[connection signal="effect" from="HPBrick10" to="." method="_on_effect"]
[connection signal="gold" from="HPBrick10" to="." method="_on_gold"]
[connection signal="points" from="HPBrick10" to="." method="_on_points"]
[connection signal="effect" from="HPBrick3" to="." method="_on_effect"]
[connection signal="gold" from="HPBrick3" to="." method="_on_gold"]
[connection signal="points" from="HPBrick3" to="." method="_on_points"]
[connection signal="effect" from="HPBrick55" to="." method="_on_effect"]
[connection signal="gold" from="HPBrick55" to="." method="_on_gold"]
[connection signal="points" from="HPBrick55" to="." method="_on_points"]
[connection signal="effect" from="HPBrick56" to="." method="_on_effect"]
[connection signal="gold" from="HPBrick56" to="." method="_on_gold"]
[connection signal="points" from="HPBrick56" to="." method="_on_points"]
[connection signal="effect" from="HPBrick57" to="." method="_on_effect"]
[connection signal="gold" from="HPBrick57" to="." method="_on_gold"]
[connection signal="points" from="HPBrick57" to="." method="_on_points"]
[connection signal="effect" from="HPBrick75" to="." method="_on_effect"]
[connection signal="gold" from="HPBrick75" to="." method="_on_gold"]
[connection signal="points" from="HPBrick75" to="." method="_on_points"]
[connection signal="effect" from="HPBrick76" to="." method="_on_effect"]
[connection signal="gold" from="HPBrick76" to="." method="_on_gold"]
[connection signal="points" from="HPBrick76" to="." method="_on_points"]
[connection signal="effect" from="HPBrick77" to="." method="_on_effect"]
[connection signal="gold" from="HPBrick77" to="." method="_on_gold"]
[connection signal="points" from="HPBrick77" to="." method="_on_points"]
[connection signal="effect" from="HPBrick78" to="." method="_on_effect"]
[connection signal="gold" from="HPBrick78" to="." method="_on_gold"]
[connection signal="points" from="HPBrick78" to="." method="_on_points"]
[connection signal="effect" from="HPBrick58" to="." method="_on_effect"]
[connection signal="gold" from="HPBrick58" to="." method="_on_gold"]
[connection signal="points" from="HPBrick58" to="." method="_on_points"]
[connection signal="effect" from="HPBrick59" to="." method="_on_effect"]
[connection signal="gold" from="HPBrick59" to="." method="_on_gold"]
[connection signal="points" from="HPBrick59" to="." method="_on_points"]
[connection signal="effect" from="HPBrick60" to="." method="_on_effect"]
[connection signal="gold" from="HPBrick60" to="." method="_on_gold"]
[connection signal="points" from="HPBrick60" to="." method="_on_points"]
[connection signal="effect" from="HPBrick61" to="." method="_on_effect"]
[connection signal="gold" from="HPBrick61" to="." method="_on_gold"]
[connection signal="points" from="HPBrick61" to="." method="_on_points"]
[connection signal="effect" from="HPBrick62" to="." method="_on_effect"]
[connection signal="gold" from="HPBrick62" to="." method="_on_gold"]
[connection signal="points" from="HPBrick62" to="." method="_on_points"]
[connection signal="effect" from="HPBrick63" to="." method="_on_effect"]
[connection signal="gold" from="HPBrick63" to="." method="_on_gold"]
[connection signal="points" from="HPBrick63" to="." method="_on_points"]
[connection signal="effect" from="HPBrick64" to="." method="_on_effect"]
[connection signal="gold" from="HPBrick64" to="." method="_on_gold"]
[connection signal="points" from="HPBrick64" to="." method="_on_points"]
[connection signal="effect" from="HPBrick65" to="." method="_on_effect"]
[connection signal="gold" from="HPBrick65" to="." method="_on_gold"]
[connection signal="points" from="HPBrick65" to="." method="_on_points"]
[connection signal="effect" from="HPBrick66" to="." method="_on_effect"]
[connection signal="gold" from="HPBrick66" to="." method="_on_gold"]
[connection signal="points" from="HPBrick66" to="." method="_on_points"]
[connection signal="effect" from="HPBrick33" to="." method="_on_effect"]
[connection signal="gold" from="HPBrick33" to="." method="_on_gold"]
[connection signal="points" from="HPBrick33" to="." method="_on_points"]
[connection signal="effect" from="HPBrick34" to="." method="_on_effect"]
[connection signal="gold" from="HPBrick34" to="." method="_on_gold"]
[connection signal="points" from="HPBrick34" to="." method="_on_points"]
[connection signal="effect" from="HPBrick35" to="." method="_on_effect"]
[connection signal="gold" from="HPBrick35" to="." method="_on_gold"]
[connection signal="points" from="HPBrick35" to="." method="_on_points"]
[connection signal="effect" from="HPBrick36" to="." method="_on_effect"]
[connection signal="gold" from="HPBrick36" to="." method="_on_gold"]
[connection signal="points" from="HPBrick36" to="." method="_on_points"]
[connection signal="effect" from="HPBrick37" to="." method="_on_effect"]
[connection signal="gold" from="HPBrick37" to="." method="_on_gold"]
[connection signal="points" from="HPBrick37" to="." method="_on_points"]
[connection signal="effect" from="HPBrick45" to="." method="_on_effect"]
[connection signal="gold" from="HPBrick45" to="." method="_on_gold"]
[connection signal="points" from="HPBrick45" to="." method="_on_points"]
[connection signal="effect" from="HPBrick46" to="." method="_on_effect"]
[connection signal="gold" from="HPBrick46" to="." method="_on_gold"]
[connection signal="points" from="HPBrick46" to="." method="_on_points"]
[connection signal="effect" from="HPBrick51" to="." method="_on_effect"]
[connection signal="gold" from="HPBrick51" to="." method="_on_gold"]
[connection signal="points" from="HPBrick51" to="." method="_on_points"]
[connection signal="effect" from="HPBrick52" to="." method="_on_effect"]
[connection signal="gold" from="HPBrick52" to="." method="_on_gold"]
[connection signal="points" from="HPBrick52" to="." method="_on_points"]
[connection signal="effect" from="HPBrick53" to="." method="_on_effect"]
[connection signal="gold" from="HPBrick53" to="." method="_on_gold"]
[connection signal="points" from="HPBrick53" to="." method="_on_points"]
[connection signal="effect" from="HPBrick54" to="." method="_on_effect"]
[connection signal="gold" from="HPBrick54" to="." method="_on_gold"]
[connection signal="points" from="HPBrick54" to="." method="_on_points"]
[connection signal="effect" from="HPBrick47" to="." method="_on_effect"]
[connection signal="gold" from="HPBrick47" to="." method="_on_gold"]
[connection signal="points" from="HPBrick47" to="." method="_on_points"]
[connection signal="effect" from="HPBrick67" to="." method="_on_effect"]
[connection signal="gold" from="HPBrick67" to="." method="_on_gold"]
[connection signal="points" from="HPBrick67" to="." method="_on_points"]
[connection signal="effect" from="HPBrick68" to="." method="_on_effect"]
[connection signal="gold" from="HPBrick68" to="." method="_on_gold"]
[connection signal="points" from="HPBrick68" to="." method="_on_points"]
[connection signal="effect" from="HPBrick69" to="." method="_on_effect"]
[connection signal="gold" from="HPBrick69" to="." method="_on_gold"]
[connection signal="points" from="HPBrick69" to="." method="_on_points"]
[connection signal="effect" from="HPBrick71" to="." method="_on_effect"]
[connection signal="gold" from="HPBrick71" to="." method="_on_gold"]
[connection signal="points" from="HPBrick71" to="." method="_on_points"]
[connection signal="effect" from="HPBrick72" to="." method="_on_effect"]
[connection signal="gold" from="HPBrick72" to="." method="_on_gold"]
[connection signal="points" from="HPBrick72" to="." method="_on_points"]
[connection signal="effect" from="HPBrick70" to="." method="_on_effect"]
[connection signal="gold" from="HPBrick70" to="." method="_on_gold"]
[connection signal="points" from="HPBrick70" to="." method="_on_points"]
[connection signal="effect" from="HPBrick73" to="." method="_on_effect"]
[connection signal="gold" from="HPBrick73" to="." method="_on_gold"]
[connection signal="points" from="HPBrick73" to="." method="_on_points"]
[connection signal="effect" from="HPBrick74" to="." method="_on_effect"]
[connection signal="gold" from="HPBrick74" to="." method="_on_gold"]
[connection signal="points" from="HPBrick74" to="." method="_on_points"]
[connection signal="effect" from="HPBrick48" to="." method="_on_effect"]
[connection signal="gold" from="HPBrick48" to="." method="_on_gold"]
[connection signal="points" from="HPBrick48" to="." method="_on_points"]
[connection signal="effect" from="HPBrick49" to="." method="_on_effect"]
[connection signal="gold" from="HPBrick49" to="." method="_on_gold"]
[connection signal="points" from="HPBrick49" to="." method="_on_points"]
[connection signal="effect" from="HPBrick50" to="." method="_on_effect"]
[connection signal="gold" from="HPBrick50" to="." method="_on_gold"]
[connection signal="points" from="HPBrick50" to="." method="_on_points"]
[connection signal="effect" from="HPBrick38" to="." method="_on_effect"]
[connection signal="gold" from="HPBrick38" to="." method="_on_gold"]
[connection signal="points" from="HPBrick38" to="." method="_on_points"]
[connection signal="effect" from="HPBrick39" to="." method="_on_effect"]
[connection signal="gold" from="HPBrick39" to="." method="_on_gold"]
[connection signal="points" from="HPBrick39" to="." method="_on_points"]
[connection signal="effect" from="HPBrick41" to="." method="_on_effect"]
[connection signal="gold" from="HPBrick41" to="." method="_on_gold"]
[connection signal="points" from="HPBrick41" to="." method="_on_points"]
[connection signal="effect" from="HPBrick42" to="." method="_on_effect"]
[connection signal="gold" from="HPBrick42" to="." method="_on_gold"]
[connection signal="points" from="HPBrick42" to="." method="_on_points"]
[connection signal="effect" from="HPBrick43" to="." method="_on_effect"]
[connection signal="gold" from="HPBrick43" to="." method="_on_gold"]
[connection signal="points" from="HPBrick43" to="." method="_on_points"]
[connection signal="effect" from="HPBrick44" to="." method="_on_effect"]
[connection signal="gold" from="HPBrick44" to="." method="_on_gold"]
[connection signal="points" from="HPBrick44" to="." method="_on_points"]
[connection signal="effect" from="HPBrick40" to="." method="_on_effect"]
[connection signal="gold" from="HPBrick40" to="." method="_on_gold"]
[connection signal="points" from="HPBrick40" to="." method="_on_points"]
[connection signal="effect" from="HPBrick11" to="." method="_on_effect"]
[connection signal="gold" from="HPBrick11" to="." method="_on_gold"]
[connection signal="points" from="HPBrick11" to="." method="_on_points"]
[connection signal="effect" from="HPBrick12" to="." method="_on_effect"]
[connection signal="gold" from="HPBrick12" to="." method="_on_gold"]
[connection signal="points" from="HPBrick12" to="." method="_on_points"]
[connection signal="effect" from="HPBrick13" to="." method="_on_effect"]
[connection signal="gold" from="HPBrick13" to="." method="_on_gold"]
[connection signal="points" from="HPBrick13" to="." method="_on_points"]
[connection signal="effect" from="HPBrick17" to="." method="_on_effect"]
[connection signal="gold" from="HPBrick17" to="." method="_on_gold"]
[connection signal="points" from="HPBrick17" to="." method="_on_points"]
[connection signal="effect" from="HPBrick18" to="." method="_on_effect"]
[connection signal="gold" from="HPBrick18" to="." method="_on_gold"]
[connection signal="points" from="HPBrick18" to="." method="_on_points"]
[connection signal="effect" from="HPBrick19" to="." method="_on_effect"]
[connection signal="gold" from="HPBrick19" to="." method="_on_gold"]
[connection signal="points" from="HPBrick19" to="." method="_on_points"]
[connection signal="effect" from="HPBrick23" to="." method="_on_effect"]
[connection signal="gold" from="HPBrick23" to="." method="_on_gold"]
[connection signal="points" from="HPBrick23" to="." method="_on_points"]
[connection signal="effect" from="HPBrick24" to="." method="_on_effect"]
[connection signal="gold" from="HPBrick24" to="." method="_on_gold"]
[connection signal="points" from="HPBrick24" to="." method="_on_points"]
[connection signal="effect" from="HPBrick29" to="." method="_on_effect"]
[connection signal="gold" from="HPBrick29" to="." method="_on_gold"]
[connection signal="points" from="HPBrick29" to="." method="_on_points"]
[connection signal="effect" from="HPBrick30" to="." method="_on_effect"]
[connection signal="gold" from="HPBrick30" to="." method="_on_gold"]
[connection signal="points" from="HPBrick30" to="." method="_on_points"]
[connection signal="effect" from="HPBrick31" to="." method="_on_effect"]
[connection signal="gold" from="HPBrick31" to="." method="_on_gold"]
[connection signal="points" from="HPBrick31" to="." method="_on_points"]
[connection signal="effect" from="HPBrick32" to="." method="_on_effect"]
[connection signal="gold" from="HPBrick32" to="." method="_on_gold"]
[connection signal="points" from="HPBrick32" to="." method="_on_points"]
[connection signal="effect" from="HPBrick25" to="." method="_on_effect"]
[connection signal="gold" from="HPBrick25" to="." method="_on_gold"]
[connection signal="points" from="HPBrick25" to="." method="_on_points"]
[connection signal="effect" from="HPBrick26" to="." method="_on_effect"]
[connection signal="gold" from="HPBrick26" to="." method="_on_gold"]
[connection signal="points" from="HPBrick26" to="." method="_on_points"]
[connection signal="effect" from="HPBrick27" to="." method="_on_effect"]
[connection signal="gold" from="HPBrick27" to="." method="_on_gold"]
[connection signal="points" from="HPBrick27" to="." method="_on_points"]
[connection signal="effect" from="HPBrick28" to="." method="_on_effect"]
[connection signal="gold" from="HPBrick28" to="." method="_on_gold"]
[connection signal="points" from="HPBrick28" to="." method="_on_points"]
[connection signal="effect" from="HPBrick20" to="." method="_on_effect"]
[connection signal="gold" from="HPBrick20" to="." method="_on_gold"]
[connection signal="points" from="HPBrick20" to="." method="_on_points"]
[connection signal="effect" from="HPBrick21" to="." method="_on_effect"]
[connection signal="gold" from="HPBrick21" to="." method="_on_gold"]
[connection signal="points" from="HPBrick21" to="." method="_on_points"]
[connection signal="effect" from="HPBrick22" to="." method="_on_effect"]
[connection signal="gold" from="HPBrick22" to="." method="_on_gold"]
[connection signal="points" from="HPBrick22" to="." method="_on_points"]
[connection signal="effect" from="HPBrick6" to="." method="_on_effect"]
[connection signal="gold" from="HPBrick6" to="." method="_on_gold"]
[connection signal="points" from="HPBrick6" to="." method="_on_points"]
[connection signal="effect" from="HPBrick7" to="." method="_on_effect"]
[connection signal="gold" from="HPBrick7" to="." method="_on_gold"]
[connection signal="points" from="HPBrick7" to="." method="_on_points"]
[connection signal="effect" from="HPBrick8" to="." method="_on_effect"]
[connection signal="gold" from="HPBrick8" to="." method="_on_gold"]
[connection signal="points" from="HPBrick8" to="." method="_on_points"]
[connection signal="effect" from="HPBrick14" to="." method="_on_effect"]
[connection signal="gold" from="HPBrick14" to="." method="_on_gold"]
[connection signal="points" from="HPBrick14" to="." method="_on_points"]
[connection signal="effect" from="HPBrick15" to="." method="_on_effect"]
[connection signal="gold" from="HPBrick15" to="." method="_on_gold"]
[connection signal="points" from="HPBrick15" to="." method="_on_points"]
[connection signal="effect" from="HPBrick16" to="." method="_on_effect"]
[connection signal="gold" from="HPBrick16" to="." method="_on_gold"]
[connection signal="points" from="HPBrick16" to="." method="_on_points"]
