[gd_scene load_steps=10 format=3 uid="uid://b6cstge4sp8mi"]

[ext_resource type="Script" path="res://src/scenes/levels/Level.gd" id="1_aoqgu"]
[ext_resource type="PackedScene" uid="uid://dlffmdcv2kxxw" path="res://src/scenes/levels/BrickEffect.tscn" id="2_sme2l"]
[ext_resource type="PackedScene" uid="uid://bhns080fs2cis" path="res://src/scenes/entities/layout/Walls.tscn" id="3_flrry"]
[ext_resource type="PackedScene" uid="uid://bslaiysep7ubo" path="res://src/scenes/levels/CollisionMerger.tscn" id="3_uwcw1"]
[ext_resource type="PackedScene" uid="uid://vdfarqnbvgki" path="res://src/scenes/entities/bricks/Brick.tscn" id="4_0h66r"]
[ext_resource type="PackedScene" uid="uid://bily6o3rmp525" path="res://src/scenes/entities/bricks/GoldBrick.tscn" id="5_0fcgl"]
[ext_resource type="PackedScene" uid="uid://8a0ennbt37jt" path="res://src/scenes/entities/bricks/MultiBallsBrick.tscn" id="6_33jgd"]
[ext_resource type="PackedScene" uid="uid://jv2d4kfi5jte" path="res://src/scenes/entities/bricks/StickyBrick.tscn" id="7_vmw6w"]
[ext_resource type="PackedScene" uid="uid://jj1b16mc2dmm" path="res://src/scenes/entities/bricks/SolidBrick.tscn" id="8_3wgu5"]

[node name="Level" type="Node2D"]
script = ExtResource("1_aoqgu")
name_ = "Trésors aux bords"

[node name="BrickEffect" parent="." instance=ExtResource("2_sme2l")]

[node name="Spawns" type="Node2D" parent="."]

[node name="0" type="Marker2D" parent="Spawns"]
position = Vector2(84, 500)

[node name="1" type="Marker2D" parent="Spawns"]
position = Vector2(1836, 500)

[node name="CollisionMerger" parent="." instance=ExtResource("3_uwcw1")]

[node name="Walls" parent="." instance=ExtResource("3_flrry")]

[node name="Brick13" parent="." instance=ExtResource("4_0h66r")]
position = Vector2(848, 116)

[node name="Brick14" parent="." instance=ExtResource("4_0h66r")]
position = Vector2(912, 116)

[node name="Brick15" parent="." instance=ExtResource("4_0h66r")]
position = Vector2(624, 116)

[node name="Brick17" parent="." instance=ExtResource("4_0h66r")]
position = Vector2(1008, 116)

[node name="Brick18" parent="." instance=ExtResource("4_0h66r")]
position = Vector2(1296, 116)

[node name="Brick19" parent="." instance=ExtResource("4_0h66r")]
position = Vector2(1072, 116)

[node name="Brick23" parent="." instance=ExtResource("4_0h66r")]
position = Vector2(848, 884)

[node name="Brick24" parent="." instance=ExtResource("4_0h66r")]
position = Vector2(624, 884)

[node name="Brick25" parent="." instance=ExtResource("4_0h66r")]
position = Vector2(912, 884)

[node name="Brick34" parent="." instance=ExtResource("4_0h66r")]
position = Vector2(784, 884)

[node name="Brick35" parent="." instance=ExtResource("4_0h66r")]
position = Vector2(720, 884)

[node name="Brick37" parent="." instance=ExtResource("4_0h66r")]
position = Vector2(1200, 884)

[node name="Brick38" parent="." instance=ExtResource("4_0h66r")]
position = Vector2(1136, 884)

[node name="Brick42" parent="." instance=ExtResource("4_0h66r")]
position = Vector2(1200, 116)

[node name="Brick43" parent="." instance=ExtResource("4_0h66r")]
position = Vector2(1136, 116)

[node name="Brick49" parent="." instance=ExtResource("4_0h66r")]
position = Vector2(720, 116)

[node name="Brick50" parent="." instance=ExtResource("4_0h66r")]
position = Vector2(784, 116)

[node name="Brick51" parent="." instance=ExtResource("4_0h66r")]
position = Vector2(656, 244)

[node name="Brick52" parent="." instance=ExtResource("4_0h66r")]
position = Vector2(688, 244)

[node name="Brick53" parent="." instance=ExtResource("4_0h66r")]
position = Vector2(720, 244)

[node name="Brick54" parent="." instance=ExtResource("4_0h66r")]
position = Vector2(752, 244)

[node name="Brick55" parent="." instance=ExtResource("4_0h66r")]
position = Vector2(784, 244)

[node name="Brick56" parent="." instance=ExtResource("4_0h66r")]
position = Vector2(656, 372)

[node name="Brick57" parent="." instance=ExtResource("4_0h66r")]
position = Vector2(688, 372)

[node name="Brick58" parent="." instance=ExtResource("4_0h66r")]
position = Vector2(720, 372)

[node name="Brick59" parent="." instance=ExtResource("4_0h66r")]
position = Vector2(752, 372)

[node name="Brick60" parent="." instance=ExtResource("4_0h66r")]
position = Vector2(784, 372)

[node name="Brick61" parent="." instance=ExtResource("4_0h66r")]
position = Vector2(688, 308)
rotation = 1.5708

[node name="Brick62" parent="." instance=ExtResource("4_0h66r")]
position = Vector2(784, 308)
rotation = 1.5708

[node name="Brick86" parent="." instance=ExtResource("4_0h66r")]
position = Vector2(816, 244)

[node name="Brick63" parent="." instance=ExtResource("4_0h66r")]
position = Vector2(656, 500)

[node name="Brick64" parent="." instance=ExtResource("4_0h66r")]
position = Vector2(688, 500)

[node name="Brick65" parent="." instance=ExtResource("4_0h66r")]
position = Vector2(720, 500)

[node name="Brick75" parent="." instance=ExtResource("4_0h66r")]
position = Vector2(752, 500)

[node name="Brick88" parent="." instance=ExtResource("4_0h66r")]
position = Vector2(784, 500)

[node name="Brick89" parent="." instance=ExtResource("4_0h66r")]
position = Vector2(816, 500)

[node name="Brick87" parent="." instance=ExtResource("4_0h66r")]
position = Vector2(816, 372)

[node name="Brick90" parent="." instance=ExtResource("4_0h66r")]
position = Vector2(816, 628)

[node name="Brick91" parent="." instance=ExtResource("4_0h66r")]
position = Vector2(816, 756)

[node name="Brick71" parent="." instance=ExtResource("4_0h66r")]
position = Vector2(688, 692)
rotation = 1.5708

[node name="Brick72" parent="." instance=ExtResource("4_0h66r")]
position = Vector2(784, 692)
rotation = 1.5708

[node name="Brick76" parent="." instance=ExtResource("4_0h66r")]
position = Vector2(656, 628)

[node name="Brick77" parent="." instance=ExtResource("4_0h66r")]
position = Vector2(688, 628)

[node name="Brick78" parent="." instance=ExtResource("4_0h66r")]
position = Vector2(720, 628)

[node name="Brick79" parent="." instance=ExtResource("4_0h66r")]
position = Vector2(752, 628)

[node name="Brick80" parent="." instance=ExtResource("4_0h66r")]
position = Vector2(784, 628)

[node name="Brick81" parent="." instance=ExtResource("4_0h66r")]
position = Vector2(656, 756)

[node name="Brick82" parent="." instance=ExtResource("4_0h66r")]
position = Vector2(688, 756)

[node name="Brick83" parent="." instance=ExtResource("4_0h66r")]
position = Vector2(720, 756)

[node name="Brick84" parent="." instance=ExtResource("4_0h66r")]
position = Vector2(752, 756)

[node name="Brick85" parent="." instance=ExtResource("4_0h66r")]
position = Vector2(784, 756)

[node name="Brick66" parent="." instance=ExtResource("4_0h66r")]
position = Vector2(688, 564)
rotation = 1.5708

[node name="Brick67" parent="." instance=ExtResource("4_0h66r")]
position = Vector2(784, 564)
rotation = 1.5708

[node name="Brick73" parent="." instance=ExtResource("4_0h66r")]
position = Vector2(688, 436)
rotation = 1.5708

[node name="Brick74" parent="." instance=ExtResource("4_0h66r")]
position = Vector2(784, 436)
rotation = 1.5708

[node name="Brick68" parent="." instance=ExtResource("4_0h66r")]
position = Vector2(1104, 244)

[node name="Brick69" parent="." instance=ExtResource("4_0h66r")]
position = Vector2(1136, 244)

[node name="Brick70" parent="." instance=ExtResource("4_0h66r")]
position = Vector2(1168, 244)

[node name="Brick92" parent="." instance=ExtResource("4_0h66r")]
position = Vector2(1200, 244)

[node name="Brick93" parent="." instance=ExtResource("4_0h66r")]
position = Vector2(1232, 244)

[node name="Brick94" parent="." instance=ExtResource("4_0h66r")]
position = Vector2(1104, 372)

[node name="Brick95" parent="." instance=ExtResource("4_0h66r")]
position = Vector2(1136, 372)

[node name="Brick96" parent="." instance=ExtResource("4_0h66r")]
position = Vector2(1168, 372)

[node name="Brick97" parent="." instance=ExtResource("4_0h66r")]
position = Vector2(1200, 372)

[node name="Brick98" parent="." instance=ExtResource("4_0h66r")]
position = Vector2(1232, 372)

[node name="Brick99" parent="." instance=ExtResource("4_0h66r")]
position = Vector2(1136, 308)
rotation = 1.5708

[node name="Brick100" parent="." instance=ExtResource("4_0h66r")]
position = Vector2(1232, 308)
rotation = 1.5708

[node name="Brick101" parent="." instance=ExtResource("4_0h66r")]
position = Vector2(1264, 244)

[node name="Brick102" parent="." instance=ExtResource("4_0h66r")]
position = Vector2(1104, 500)

[node name="Brick103" parent="." instance=ExtResource("4_0h66r")]
position = Vector2(1136, 500)

[node name="Brick104" parent="." instance=ExtResource("4_0h66r")]
position = Vector2(1168, 500)

[node name="Brick105" parent="." instance=ExtResource("4_0h66r")]
position = Vector2(1200, 500)

[node name="Brick106" parent="." instance=ExtResource("4_0h66r")]
position = Vector2(1232, 500)

[node name="Brick107" parent="." instance=ExtResource("4_0h66r")]
position = Vector2(1264, 500)

[node name="Brick108" parent="." instance=ExtResource("4_0h66r")]
position = Vector2(1264, 372)

[node name="Brick109" parent="." instance=ExtResource("4_0h66r")]
position = Vector2(1264, 628)

[node name="Brick110" parent="." instance=ExtResource("4_0h66r")]
position = Vector2(1264, 756)

[node name="Brick111" parent="." instance=ExtResource("4_0h66r")]
position = Vector2(1136, 692)
rotation = 1.5708

[node name="Brick112" parent="." instance=ExtResource("4_0h66r")]
position = Vector2(1232, 692)
rotation = 1.5708

[node name="Brick113" parent="." instance=ExtResource("4_0h66r")]
position = Vector2(1104, 628)

[node name="Brick114" parent="." instance=ExtResource("4_0h66r")]
position = Vector2(1136, 628)

[node name="Brick115" parent="." instance=ExtResource("4_0h66r")]
position = Vector2(1168, 628)

[node name="Brick116" parent="." instance=ExtResource("4_0h66r")]
position = Vector2(1200, 628)

[node name="Brick117" parent="." instance=ExtResource("4_0h66r")]
position = Vector2(1232, 628)

[node name="Brick118" parent="." instance=ExtResource("4_0h66r")]
position = Vector2(1104, 756)

[node name="Brick119" parent="." instance=ExtResource("4_0h66r")]
position = Vector2(1136, 756)

[node name="Brick120" parent="." instance=ExtResource("4_0h66r")]
position = Vector2(1168, 756)

[node name="Brick121" parent="." instance=ExtResource("4_0h66r")]
position = Vector2(1200, 756)

[node name="Brick122" parent="." instance=ExtResource("4_0h66r")]
position = Vector2(1232, 756)

[node name="Brick123" parent="." instance=ExtResource("4_0h66r")]
position = Vector2(1136, 564)
rotation = 1.5708

[node name="Brick124" parent="." instance=ExtResource("4_0h66r")]
position = Vector2(1232, 564)
rotation = 1.5708

[node name="Brick125" parent="." instance=ExtResource("4_0h66r")]
position = Vector2(1136, 436)
rotation = 1.5708

[node name="Brick126" parent="." instance=ExtResource("4_0h66r")]
position = Vector2(1232, 436)
rotation = 1.5708

[node name="Brick127" parent="." instance=ExtResource("4_0h66r")]
position = Vector2(880, 244)

[node name="Brick128" parent="." instance=ExtResource("4_0h66r")]
position = Vector2(912, 244)

[node name="Brick129" parent="." instance=ExtResource("4_0h66r")]
position = Vector2(944, 244)

[node name="Brick130" parent="." instance=ExtResource("4_0h66r")]
position = Vector2(976, 244)

[node name="Brick131" parent="." instance=ExtResource("4_0h66r")]
position = Vector2(1008, 244)

[node name="Brick132" parent="." instance=ExtResource("4_0h66r")]
position = Vector2(880, 372)

[node name="Brick133" parent="." instance=ExtResource("4_0h66r")]
position = Vector2(912, 372)

[node name="Brick134" parent="." instance=ExtResource("4_0h66r")]
position = Vector2(944, 372)

[node name="Brick135" parent="." instance=ExtResource("4_0h66r")]
position = Vector2(976, 372)

[node name="Brick136" parent="." instance=ExtResource("4_0h66r")]
position = Vector2(1008, 372)

[node name="Brick137" parent="." instance=ExtResource("4_0h66r")]
position = Vector2(912, 308)
rotation = 1.5708

[node name="Brick138" parent="." instance=ExtResource("4_0h66r")]
position = Vector2(1008, 308)
rotation = 1.5708

[node name="Brick139" parent="." instance=ExtResource("4_0h66r")]
position = Vector2(1040, 244)

[node name="Brick140" parent="." instance=ExtResource("4_0h66r")]
position = Vector2(880, 500)

[node name="Brick141" parent="." instance=ExtResource("4_0h66r")]
position = Vector2(912, 500)

[node name="Brick142" parent="." instance=ExtResource("4_0h66r")]
position = Vector2(944, 500)

[node name="Brick143" parent="." instance=ExtResource("4_0h66r")]
position = Vector2(976, 500)

[node name="Brick144" parent="." instance=ExtResource("4_0h66r")]
position = Vector2(1008, 500)

[node name="Brick145" parent="." instance=ExtResource("4_0h66r")]
position = Vector2(1040, 500)

[node name="Brick146" parent="." instance=ExtResource("4_0h66r")]
position = Vector2(1040, 372)

[node name="Brick147" parent="." instance=ExtResource("4_0h66r")]
position = Vector2(1040, 628)

[node name="Brick148" parent="." instance=ExtResource("4_0h66r")]
position = Vector2(1040, 756)

[node name="Brick149" parent="." instance=ExtResource("4_0h66r")]
position = Vector2(912, 692)
rotation = 1.5708

[node name="Brick150" parent="." instance=ExtResource("4_0h66r")]
position = Vector2(1008, 692)
rotation = 1.5708

[node name="Brick151" parent="." instance=ExtResource("4_0h66r")]
position = Vector2(880, 628)

[node name="Brick152" parent="." instance=ExtResource("4_0h66r")]
position = Vector2(912, 628)

[node name="Brick153" parent="." instance=ExtResource("4_0h66r")]
position = Vector2(944, 628)

[node name="Brick154" parent="." instance=ExtResource("4_0h66r")]
position = Vector2(976, 628)

[node name="Brick155" parent="." instance=ExtResource("4_0h66r")]
position = Vector2(1008, 628)

[node name="Brick156" parent="." instance=ExtResource("4_0h66r")]
position = Vector2(880, 756)

[node name="Brick157" parent="." instance=ExtResource("4_0h66r")]
position = Vector2(912, 756)

[node name="Brick158" parent="." instance=ExtResource("4_0h66r")]
position = Vector2(944, 756)

[node name="Brick159" parent="." instance=ExtResource("4_0h66r")]
position = Vector2(976, 756)

[node name="Brick160" parent="." instance=ExtResource("4_0h66r")]
position = Vector2(1008, 756)

[node name="Brick161" parent="." instance=ExtResource("4_0h66r")]
position = Vector2(912, 564)
rotation = 1.5708

[node name="Brick162" parent="." instance=ExtResource("4_0h66r")]
position = Vector2(1008, 564)
rotation = 1.5708

[node name="Brick163" parent="." instance=ExtResource("4_0h66r")]
position = Vector2(912, 436)
rotation = 1.5708

[node name="Brick164" parent="." instance=ExtResource("4_0h66r")]
position = Vector2(1008, 436)
rotation = 1.5708

[node name="Brick27" parent="." instance=ExtResource("4_0h66r")]
position = Vector2(1008, 884)

[node name="Brick28" parent="." instance=ExtResource("4_0h66r")]
position = Vector2(1296, 884)

[node name="Brick29" parent="." instance=ExtResource("4_0h66r")]
position = Vector2(1072, 884)

[node name="GoldBrick" parent="." instance=ExtResource("5_0fcgl")]
position = Vector2(848, 692)

[node name="GoldBrick2" parent="." instance=ExtResource("5_0fcgl")]
position = Vector2(944, 116)

[node name="GoldBrick3" parent="." instance=ExtResource("5_0fcgl")]
position = Vector2(1072, 692)

[node name="GoldBrick4" parent="." instance=ExtResource("5_0fcgl")]
position = Vector2(1072, 436)

[node name="GoldBrick5" parent="." instance=ExtResource("5_0fcgl")]
position = Vector2(1168, 116)

[node name="GoldBrick6" parent="." instance=ExtResource("5_0fcgl")]
position = Vector2(1168, 884)

[node name="GoldBrick7" parent="." instance=ExtResource("5_0fcgl")]
position = Vector2(848, 308)

[node name="GoldBrick8" parent="." instance=ExtResource("5_0fcgl")]
position = Vector2(752, 884)

[node name="GoldBrick9" parent="." instance=ExtResource("5_0fcgl")]
position = Vector2(848, 436)

[node name="GoldBrick10" parent="." instance=ExtResource("5_0fcgl")]
position = Vector2(848, 564)

[node name="GoldBrick11" parent="." instance=ExtResource("5_0fcgl")]
position = Vector2(752, 116)

[node name="GoldBrick12" parent="." instance=ExtResource("5_0fcgl")]
position = Vector2(944, 884)

[node name="GoldBrick13" parent="." instance=ExtResource("5_0fcgl")]
position = Vector2(976, 116)

[node name="GoldBrick14" parent="." instance=ExtResource("5_0fcgl")]
position = Vector2(976, 884)

[node name="GoldBrick15" parent="." instance=ExtResource("5_0fcgl")]
position = Vector2(1072, 564)

[node name="GoldBrick16" parent="." instance=ExtResource("5_0fcgl")]
position = Vector2(1072, 308)

[node name="MultiBallsBrick" parent="." instance=ExtResource("6_33jgd")]
position = Vector2(1232, 116)

[node name="MultiBallsBrick2" parent="." instance=ExtResource("6_33jgd")]
position = Vector2(688, 884)

[node name="MultiBallsBrick4" parent="." instance=ExtResource("6_33jgd")]
position = Vector2(1232, 884)

[node name="MultiBallsBrick3" parent="." instance=ExtResource("6_33jgd")]
position = Vector2(688, 116)

[node name="MultiBallsBrick5" parent="." instance=ExtResource("6_33jgd")]
position = Vector2(880, 116)

[node name="MultiBallsBrick6" parent="." instance=ExtResource("6_33jgd")]
position = Vector2(1040, 116)

[node name="MultiBallsBrick7" parent="." instance=ExtResource("6_33jgd")]
position = Vector2(880, 884)

[node name="MultiBallsBrick8" parent="." instance=ExtResource("6_33jgd")]
position = Vector2(1040, 884)

[node name="StickyBrick" parent="." instance=ExtResource("7_vmw6w")]
position = Vector2(656, 116)

[node name="StickyBrick7" parent="." instance=ExtResource("7_vmw6w")]
position = Vector2(816, 116)

[node name="StickyBrick8" parent="." instance=ExtResource("7_vmw6w")]
position = Vector2(1104, 116)

[node name="StickyBrick9" parent="." instance=ExtResource("7_vmw6w")]
position = Vector2(1104, 884)

[node name="StickyBrick10" parent="." instance=ExtResource("7_vmw6w")]
position = Vector2(816, 884)

[node name="StickyBrick5" parent="." instance=ExtResource("7_vmw6w")]
position = Vector2(624, 500)

[node name="StickyBrick2" parent="." instance=ExtResource("7_vmw6w")]
position = Vector2(1264, 116)

[node name="StickyBrick6" parent="." instance=ExtResource("7_vmw6w")]
position = Vector2(1296, 500)

[node name="StickyBrick3" parent="." instance=ExtResource("7_vmw6w")]
position = Vector2(656, 884)

[node name="StickyBrick4" parent="." instance=ExtResource("7_vmw6w")]
position = Vector2(1264, 884)

[node name="SolidBrick" parent="." instance=ExtResource("8_3wgu5")]
position = Vector2(912, 180)
rotation = 1.5708

[node name="SolidBrick2" parent="." instance=ExtResource("8_3wgu5")]
position = Vector2(1008, 180)
rotation = 1.5708

[node name="SolidBrick3" parent="." instance=ExtResource("8_3wgu5")]
position = Vector2(720, 180)
rotation = 1.5708

[node name="SolidBrick4" parent="." instance=ExtResource("8_3wgu5")]
position = Vector2(816, 180)
rotation = 1.5708

[node name="SolidBrick5" parent="." instance=ExtResource("8_3wgu5")]
position = Vector2(1104, 180)
rotation = 1.5708

[node name="SolidBrick6" parent="." instance=ExtResource("8_3wgu5")]
position = Vector2(1200, 180)
rotation = 1.5708

[node name="SolidBrick8" parent="." instance=ExtResource("8_3wgu5")]
position = Vector2(624, 180)
rotation = 1.5708

[node name="SolidBrick9" parent="." instance=ExtResource("8_3wgu5")]
position = Vector2(1296, 180)
rotation = 1.5708

[node name="SolidBrick11" parent="." instance=ExtResource("8_3wgu5")]
position = Vector2(912, 820)
rotation = 1.5708

[node name="SolidBrick12" parent="." instance=ExtResource("8_3wgu5")]
position = Vector2(1008, 820)
rotation = 1.5708

[node name="SolidBrick13" parent="." instance=ExtResource("8_3wgu5")]
position = Vector2(720, 820)
rotation = 1.5708

[node name="SolidBrick14" parent="." instance=ExtResource("8_3wgu5")]
position = Vector2(816, 820)
rotation = 1.5708

[node name="SolidBrick15" parent="." instance=ExtResource("8_3wgu5")]
position = Vector2(1104, 820)
rotation = 1.5708

[node name="SolidBrick16" parent="." instance=ExtResource("8_3wgu5")]
position = Vector2(1200, 820)
rotation = 1.5708

[node name="SolidBrick18" parent="." instance=ExtResource("8_3wgu5")]
position = Vector2(624, 820)
rotation = 1.5708

[node name="SolidBrick19" parent="." instance=ExtResource("8_3wgu5")]
position = Vector2(1296, 820)
rotation = 1.5708

[connection signal="effect" from="Brick13" to="." method="_on_effect"]
[connection signal="gold" from="Brick13" to="." method="_on_gold"]
[connection signal="points" from="Brick13" to="." method="_on_points"]
[connection signal="effect" from="Brick14" to="." method="_on_effect"]
[connection signal="gold" from="Brick14" to="." method="_on_gold"]
[connection signal="points" from="Brick14" to="." method="_on_points"]
[connection signal="effect" from="Brick15" to="." method="_on_effect"]
[connection signal="gold" from="Brick15" to="." method="_on_gold"]
[connection signal="points" from="Brick15" to="." method="_on_points"]
[connection signal="effect" from="Brick17" to="." method="_on_effect"]
[connection signal="gold" from="Brick17" to="." method="_on_gold"]
[connection signal="points" from="Brick17" to="." method="_on_points"]
[connection signal="effect" from="Brick18" to="." method="_on_effect"]
[connection signal="gold" from="Brick18" to="." method="_on_gold"]
[connection signal="points" from="Brick18" to="." method="_on_points"]
[connection signal="effect" from="Brick19" to="." method="_on_effect"]
[connection signal="gold" from="Brick19" to="." method="_on_gold"]
[connection signal="points" from="Brick19" to="." method="_on_points"]
[connection signal="effect" from="Brick23" to="." method="_on_effect"]
[connection signal="gold" from="Brick23" to="." method="_on_gold"]
[connection signal="points" from="Brick23" to="." method="_on_points"]
[connection signal="effect" from="Brick24" to="." method="_on_effect"]
[connection signal="gold" from="Brick24" to="." method="_on_gold"]
[connection signal="points" from="Brick24" to="." method="_on_points"]
[connection signal="effect" from="Brick25" to="." method="_on_effect"]
[connection signal="gold" from="Brick25" to="." method="_on_gold"]
[connection signal="points" from="Brick25" to="." method="_on_points"]
[connection signal="effect" from="Brick34" to="." method="_on_effect"]
[connection signal="gold" from="Brick34" to="." method="_on_gold"]
[connection signal="points" from="Brick34" to="." method="_on_points"]
[connection signal="effect" from="Brick35" to="." method="_on_effect"]
[connection signal="gold" from="Brick35" to="." method="_on_gold"]
[connection signal="points" from="Brick35" to="." method="_on_points"]
[connection signal="effect" from="Brick37" to="." method="_on_effect"]
[connection signal="gold" from="Brick37" to="." method="_on_gold"]
[connection signal="points" from="Brick37" to="." method="_on_points"]
[connection signal="effect" from="Brick38" to="." method="_on_effect"]
[connection signal="gold" from="Brick38" to="." method="_on_gold"]
[connection signal="points" from="Brick38" to="." method="_on_points"]
[connection signal="effect" from="Brick42" to="." method="_on_effect"]
[connection signal="gold" from="Brick42" to="." method="_on_gold"]
[connection signal="points" from="Brick42" to="." method="_on_points"]
[connection signal="effect" from="Brick43" to="." method="_on_effect"]
[connection signal="gold" from="Brick43" to="." method="_on_gold"]
[connection signal="points" from="Brick43" to="." method="_on_points"]
[connection signal="effect" from="Brick49" to="." method="_on_effect"]
[connection signal="gold" from="Brick49" to="." method="_on_gold"]
[connection signal="points" from="Brick49" to="." method="_on_points"]
[connection signal="effect" from="Brick50" to="." method="_on_effect"]
[connection signal="gold" from="Brick50" to="." method="_on_gold"]
[connection signal="points" from="Brick50" to="." method="_on_points"]
[connection signal="effect" from="Brick51" to="." method="_on_effect"]
[connection signal="gold" from="Brick51" to="." method="_on_gold"]
[connection signal="points" from="Brick51" to="." method="_on_points"]
[connection signal="effect" from="Brick52" to="." method="_on_effect"]
[connection signal="gold" from="Brick52" to="." method="_on_gold"]
[connection signal="points" from="Brick52" to="." method="_on_points"]
[connection signal="effect" from="Brick53" to="." method="_on_effect"]
[connection signal="gold" from="Brick53" to="." method="_on_gold"]
[connection signal="points" from="Brick53" to="." method="_on_points"]
[connection signal="effect" from="Brick54" to="." method="_on_effect"]
[connection signal="gold" from="Brick54" to="." method="_on_gold"]
[connection signal="points" from="Brick54" to="." method="_on_points"]
[connection signal="effect" from="Brick55" to="." method="_on_effect"]
[connection signal="gold" from="Brick55" to="." method="_on_gold"]
[connection signal="points" from="Brick55" to="." method="_on_points"]
[connection signal="effect" from="Brick56" to="." method="_on_effect"]
[connection signal="gold" from="Brick56" to="." method="_on_gold"]
[connection signal="points" from="Brick56" to="." method="_on_points"]
[connection signal="effect" from="Brick57" to="." method="_on_effect"]
[connection signal="gold" from="Brick57" to="." method="_on_gold"]
[connection signal="points" from="Brick57" to="." method="_on_points"]
[connection signal="effect" from="Brick58" to="." method="_on_effect"]
[connection signal="gold" from="Brick58" to="." method="_on_gold"]
[connection signal="points" from="Brick58" to="." method="_on_points"]
[connection signal="effect" from="Brick59" to="." method="_on_effect"]
[connection signal="gold" from="Brick59" to="." method="_on_gold"]
[connection signal="points" from="Brick59" to="." method="_on_points"]
[connection signal="effect" from="Brick60" to="." method="_on_effect"]
[connection signal="gold" from="Brick60" to="." method="_on_gold"]
[connection signal="points" from="Brick60" to="." method="_on_points"]
[connection signal="effect" from="Brick61" to="." method="_on_effect"]
[connection signal="gold" from="Brick61" to="." method="_on_gold"]
[connection signal="points" from="Brick61" to="." method="_on_points"]
[connection signal="effect" from="Brick62" to="." method="_on_effect"]
[connection signal="gold" from="Brick62" to="." method="_on_gold"]
[connection signal="points" from="Brick62" to="." method="_on_points"]
[connection signal="effect" from="Brick86" to="." method="_on_effect"]
[connection signal="gold" from="Brick86" to="." method="_on_gold"]
[connection signal="points" from="Brick86" to="." method="_on_points"]
[connection signal="effect" from="Brick63" to="." method="_on_effect"]
[connection signal="gold" from="Brick63" to="." method="_on_gold"]
[connection signal="points" from="Brick63" to="." method="_on_points"]
[connection signal="effect" from="Brick64" to="." method="_on_effect"]
[connection signal="gold" from="Brick64" to="." method="_on_gold"]
[connection signal="points" from="Brick64" to="." method="_on_points"]
[connection signal="effect" from="Brick65" to="." method="_on_effect"]
[connection signal="gold" from="Brick65" to="." method="_on_gold"]
[connection signal="points" from="Brick65" to="." method="_on_points"]
[connection signal="effect" from="Brick75" to="." method="_on_effect"]
[connection signal="gold" from="Brick75" to="." method="_on_gold"]
[connection signal="points" from="Brick75" to="." method="_on_points"]
[connection signal="effect" from="Brick88" to="." method="_on_effect"]
[connection signal="gold" from="Brick88" to="." method="_on_gold"]
[connection signal="points" from="Brick88" to="." method="_on_points"]
[connection signal="effect" from="Brick89" to="." method="_on_effect"]
[connection signal="gold" from="Brick89" to="." method="_on_gold"]
[connection signal="points" from="Brick89" to="." method="_on_points"]
[connection signal="effect" from="Brick87" to="." method="_on_effect"]
[connection signal="gold" from="Brick87" to="." method="_on_gold"]
[connection signal="points" from="Brick87" to="." method="_on_points"]
[connection signal="effect" from="Brick90" to="." method="_on_effect"]
[connection signal="gold" from="Brick90" to="." method="_on_gold"]
[connection signal="points" from="Brick90" to="." method="_on_points"]
[connection signal="effect" from="Brick91" to="." method="_on_effect"]
[connection signal="gold" from="Brick91" to="." method="_on_gold"]
[connection signal="points" from="Brick91" to="." method="_on_points"]
[connection signal="effect" from="Brick71" to="." method="_on_effect"]
[connection signal="gold" from="Brick71" to="." method="_on_gold"]
[connection signal="points" from="Brick71" to="." method="_on_points"]
[connection signal="effect" from="Brick72" to="." method="_on_effect"]
[connection signal="gold" from="Brick72" to="." method="_on_gold"]
[connection signal="points" from="Brick72" to="." method="_on_points"]
[connection signal="effect" from="Brick76" to="." method="_on_effect"]
[connection signal="gold" from="Brick76" to="." method="_on_gold"]
[connection signal="points" from="Brick76" to="." method="_on_points"]
[connection signal="effect" from="Brick77" to="." method="_on_effect"]
[connection signal="gold" from="Brick77" to="." method="_on_gold"]
[connection signal="points" from="Brick77" to="." method="_on_points"]
[connection signal="effect" from="Brick78" to="." method="_on_effect"]
[connection signal="gold" from="Brick78" to="." method="_on_gold"]
[connection signal="points" from="Brick78" to="." method="_on_points"]
[connection signal="effect" from="Brick79" to="." method="_on_effect"]
[connection signal="gold" from="Brick79" to="." method="_on_gold"]
[connection signal="points" from="Brick79" to="." method="_on_points"]
[connection signal="effect" from="Brick80" to="." method="_on_effect"]
[connection signal="gold" from="Brick80" to="." method="_on_gold"]
[connection signal="points" from="Brick80" to="." method="_on_points"]
[connection signal="effect" from="Brick81" to="." method="_on_effect"]
[connection signal="gold" from="Brick81" to="." method="_on_gold"]
[connection signal="points" from="Brick81" to="." method="_on_points"]
[connection signal="effect" from="Brick82" to="." method="_on_effect"]
[connection signal="gold" from="Brick82" to="." method="_on_gold"]
[connection signal="points" from="Brick82" to="." method="_on_points"]
[connection signal="effect" from="Brick83" to="." method="_on_effect"]
[connection signal="gold" from="Brick83" to="." method="_on_gold"]
[connection signal="points" from="Brick83" to="." method="_on_points"]
[connection signal="effect" from="Brick84" to="." method="_on_effect"]
[connection signal="gold" from="Brick84" to="." method="_on_gold"]
[connection signal="points" from="Brick84" to="." method="_on_points"]
[connection signal="effect" from="Brick85" to="." method="_on_effect"]
[connection signal="gold" from="Brick85" to="." method="_on_gold"]
[connection signal="points" from="Brick85" to="." method="_on_points"]
[connection signal="effect" from="Brick66" to="." method="_on_effect"]
[connection signal="gold" from="Brick66" to="." method="_on_gold"]
[connection signal="points" from="Brick66" to="." method="_on_points"]
[connection signal="effect" from="Brick67" to="." method="_on_effect"]
[connection signal="gold" from="Brick67" to="." method="_on_gold"]
[connection signal="points" from="Brick67" to="." method="_on_points"]
[connection signal="effect" from="Brick73" to="." method="_on_effect"]
[connection signal="gold" from="Brick73" to="." method="_on_gold"]
[connection signal="points" from="Brick73" to="." method="_on_points"]
[connection signal="effect" from="Brick74" to="." method="_on_effect"]
[connection signal="gold" from="Brick74" to="." method="_on_gold"]
[connection signal="points" from="Brick74" to="." method="_on_points"]
[connection signal="effect" from="Brick68" to="." method="_on_effect"]
[connection signal="gold" from="Brick68" to="." method="_on_gold"]
[connection signal="points" from="Brick68" to="." method="_on_points"]
[connection signal="effect" from="Brick69" to="." method="_on_effect"]
[connection signal="gold" from="Brick69" to="." method="_on_gold"]
[connection signal="points" from="Brick69" to="." method="_on_points"]
[connection signal="effect" from="Brick70" to="." method="_on_effect"]
[connection signal="gold" from="Brick70" to="." method="_on_gold"]
[connection signal="points" from="Brick70" to="." method="_on_points"]
[connection signal="effect" from="Brick92" to="." method="_on_effect"]
[connection signal="gold" from="Brick92" to="." method="_on_gold"]
[connection signal="points" from="Brick92" to="." method="_on_points"]
[connection signal="effect" from="Brick93" to="." method="_on_effect"]
[connection signal="gold" from="Brick93" to="." method="_on_gold"]
[connection signal="points" from="Brick93" to="." method="_on_points"]
[connection signal="effect" from="Brick94" to="." method="_on_effect"]
[connection signal="gold" from="Brick94" to="." method="_on_gold"]
[connection signal="points" from="Brick94" to="." method="_on_points"]
[connection signal="effect" from="Brick95" to="." method="_on_effect"]
[connection signal="gold" from="Brick95" to="." method="_on_gold"]
[connection signal="points" from="Brick95" to="." method="_on_points"]
[connection signal="effect" from="Brick96" to="." method="_on_effect"]
[connection signal="gold" from="Brick96" to="." method="_on_gold"]
[connection signal="points" from="Brick96" to="." method="_on_points"]
[connection signal="effect" from="Brick97" to="." method="_on_effect"]
[connection signal="gold" from="Brick97" to="." method="_on_gold"]
[connection signal="points" from="Brick97" to="." method="_on_points"]
[connection signal="effect" from="Brick98" to="." method="_on_effect"]
[connection signal="gold" from="Brick98" to="." method="_on_gold"]
[connection signal="points" from="Brick98" to="." method="_on_points"]
[connection signal="effect" from="Brick99" to="." method="_on_effect"]
[connection signal="gold" from="Brick99" to="." method="_on_gold"]
[connection signal="points" from="Brick99" to="." method="_on_points"]
[connection signal="effect" from="Brick100" to="." method="_on_effect"]
[connection signal="gold" from="Brick100" to="." method="_on_gold"]
[connection signal="points" from="Brick100" to="." method="_on_points"]
[connection signal="effect" from="Brick101" to="." method="_on_effect"]
[connection signal="gold" from="Brick101" to="." method="_on_gold"]
[connection signal="points" from="Brick101" to="." method="_on_points"]
[connection signal="effect" from="Brick102" to="." method="_on_effect"]
[connection signal="gold" from="Brick102" to="." method="_on_gold"]
[connection signal="points" from="Brick102" to="." method="_on_points"]
[connection signal="effect" from="Brick103" to="." method="_on_effect"]
[connection signal="gold" from="Brick103" to="." method="_on_gold"]
[connection signal="points" from="Brick103" to="." method="_on_points"]
[connection signal="effect" from="Brick104" to="." method="_on_effect"]
[connection signal="gold" from="Brick104" to="." method="_on_gold"]
[connection signal="points" from="Brick104" to="." method="_on_points"]
[connection signal="effect" from="Brick105" to="." method="_on_effect"]
[connection signal="gold" from="Brick105" to="." method="_on_gold"]
[connection signal="points" from="Brick105" to="." method="_on_points"]
[connection signal="effect" from="Brick106" to="." method="_on_effect"]
[connection signal="gold" from="Brick106" to="." method="_on_gold"]
[connection signal="points" from="Brick106" to="." method="_on_points"]
[connection signal="effect" from="Brick107" to="." method="_on_effect"]
[connection signal="gold" from="Brick107" to="." method="_on_gold"]
[connection signal="points" from="Brick107" to="." method="_on_points"]
[connection signal="effect" from="Brick108" to="." method="_on_effect"]
[connection signal="gold" from="Brick108" to="." method="_on_gold"]
[connection signal="points" from="Brick108" to="." method="_on_points"]
[connection signal="effect" from="Brick109" to="." method="_on_effect"]
[connection signal="gold" from="Brick109" to="." method="_on_gold"]
[connection signal="points" from="Brick109" to="." method="_on_points"]
[connection signal="effect" from="Brick110" to="." method="_on_effect"]
[connection signal="gold" from="Brick110" to="." method="_on_gold"]
[connection signal="points" from="Brick110" to="." method="_on_points"]
[connection signal="effect" from="Brick111" to="." method="_on_effect"]
[connection signal="gold" from="Brick111" to="." method="_on_gold"]
[connection signal="points" from="Brick111" to="." method="_on_points"]
[connection signal="effect" from="Brick112" to="." method="_on_effect"]
[connection signal="gold" from="Brick112" to="." method="_on_gold"]
[connection signal="points" from="Brick112" to="." method="_on_points"]
[connection signal="effect" from="Brick113" to="." method="_on_effect"]
[connection signal="gold" from="Brick113" to="." method="_on_gold"]
[connection signal="points" from="Brick113" to="." method="_on_points"]
[connection signal="effect" from="Brick114" to="." method="_on_effect"]
[connection signal="gold" from="Brick114" to="." method="_on_gold"]
[connection signal="points" from="Brick114" to="." method="_on_points"]
[connection signal="effect" from="Brick115" to="." method="_on_effect"]
[connection signal="gold" from="Brick115" to="." method="_on_gold"]
[connection signal="points" from="Brick115" to="." method="_on_points"]
[connection signal="effect" from="Brick116" to="." method="_on_effect"]
[connection signal="gold" from="Brick116" to="." method="_on_gold"]
[connection signal="points" from="Brick116" to="." method="_on_points"]
[connection signal="effect" from="Brick117" to="." method="_on_effect"]
[connection signal="gold" from="Brick117" to="." method="_on_gold"]
[connection signal="points" from="Brick117" to="." method="_on_points"]
[connection signal="effect" from="Brick118" to="." method="_on_effect"]
[connection signal="gold" from="Brick118" to="." method="_on_gold"]
[connection signal="points" from="Brick118" to="." method="_on_points"]
[connection signal="effect" from="Brick119" to="." method="_on_effect"]
[connection signal="gold" from="Brick119" to="." method="_on_gold"]
[connection signal="points" from="Brick119" to="." method="_on_points"]
[connection signal="effect" from="Brick120" to="." method="_on_effect"]
[connection signal="gold" from="Brick120" to="." method="_on_gold"]
[connection signal="points" from="Brick120" to="." method="_on_points"]
[connection signal="effect" from="Brick121" to="." method="_on_effect"]
[connection signal="gold" from="Brick121" to="." method="_on_gold"]
[connection signal="points" from="Brick121" to="." method="_on_points"]
[connection signal="effect" from="Brick122" to="." method="_on_effect"]
[connection signal="gold" from="Brick122" to="." method="_on_gold"]
[connection signal="points" from="Brick122" to="." method="_on_points"]
[connection signal="effect" from="Brick123" to="." method="_on_effect"]
[connection signal="gold" from="Brick123" to="." method="_on_gold"]
[connection signal="points" from="Brick123" to="." method="_on_points"]
[connection signal="effect" from="Brick124" to="." method="_on_effect"]
[connection signal="gold" from="Brick124" to="." method="_on_gold"]
[connection signal="points" from="Brick124" to="." method="_on_points"]
[connection signal="effect" from="Brick125" to="." method="_on_effect"]
[connection signal="gold" from="Brick125" to="." method="_on_gold"]
[connection signal="points" from="Brick125" to="." method="_on_points"]
[connection signal="effect" from="Brick126" to="." method="_on_effect"]
[connection signal="gold" from="Brick126" to="." method="_on_gold"]
[connection signal="points" from="Brick126" to="." method="_on_points"]
[connection signal="effect" from="Brick127" to="." method="_on_effect"]
[connection signal="gold" from="Brick127" to="." method="_on_gold"]
[connection signal="points" from="Brick127" to="." method="_on_points"]
[connection signal="effect" from="Brick128" to="." method="_on_effect"]
[connection signal="gold" from="Brick128" to="." method="_on_gold"]
[connection signal="points" from="Brick128" to="." method="_on_points"]
[connection signal="effect" from="Brick129" to="." method="_on_effect"]
[connection signal="gold" from="Brick129" to="." method="_on_gold"]
[connection signal="points" from="Brick129" to="." method="_on_points"]
[connection signal="effect" from="Brick130" to="." method="_on_effect"]
[connection signal="gold" from="Brick130" to="." method="_on_gold"]
[connection signal="points" from="Brick130" to="." method="_on_points"]
[connection signal="effect" from="Brick131" to="." method="_on_effect"]
[connection signal="gold" from="Brick131" to="." method="_on_gold"]
[connection signal="points" from="Brick131" to="." method="_on_points"]
[connection signal="effect" from="Brick132" to="." method="_on_effect"]
[connection signal="gold" from="Brick132" to="." method="_on_gold"]
[connection signal="points" from="Brick132" to="." method="_on_points"]
[connection signal="effect" from="Brick133" to="." method="_on_effect"]
[connection signal="gold" from="Brick133" to="." method="_on_gold"]
[connection signal="points" from="Brick133" to="." method="_on_points"]
[connection signal="effect" from="Brick134" to="." method="_on_effect"]
[connection signal="gold" from="Brick134" to="." method="_on_gold"]
[connection signal="points" from="Brick134" to="." method="_on_points"]
[connection signal="effect" from="Brick135" to="." method="_on_effect"]
[connection signal="gold" from="Brick135" to="." method="_on_gold"]
[connection signal="points" from="Brick135" to="." method="_on_points"]
[connection signal="effect" from="Brick136" to="." method="_on_effect"]
[connection signal="gold" from="Brick136" to="." method="_on_gold"]
[connection signal="points" from="Brick136" to="." method="_on_points"]
[connection signal="effect" from="Brick137" to="." method="_on_effect"]
[connection signal="gold" from="Brick137" to="." method="_on_gold"]
[connection signal="points" from="Brick137" to="." method="_on_points"]
[connection signal="effect" from="Brick138" to="." method="_on_effect"]
[connection signal="gold" from="Brick138" to="." method="_on_gold"]
[connection signal="points" from="Brick138" to="." method="_on_points"]
[connection signal="effect" from="Brick139" to="." method="_on_effect"]
[connection signal="gold" from="Brick139" to="." method="_on_gold"]
[connection signal="points" from="Brick139" to="." method="_on_points"]
[connection signal="effect" from="Brick140" to="." method="_on_effect"]
[connection signal="gold" from="Brick140" to="." method="_on_gold"]
[connection signal="points" from="Brick140" to="." method="_on_points"]
[connection signal="effect" from="Brick141" to="." method="_on_effect"]
[connection signal="gold" from="Brick141" to="." method="_on_gold"]
[connection signal="points" from="Brick141" to="." method="_on_points"]
[connection signal="effect" from="Brick142" to="." method="_on_effect"]
[connection signal="gold" from="Brick142" to="." method="_on_gold"]
[connection signal="points" from="Brick142" to="." method="_on_points"]
[connection signal="effect" from="Brick143" to="." method="_on_effect"]
[connection signal="gold" from="Brick143" to="." method="_on_gold"]
[connection signal="points" from="Brick143" to="." method="_on_points"]
[connection signal="effect" from="Brick144" to="." method="_on_effect"]
[connection signal="gold" from="Brick144" to="." method="_on_gold"]
[connection signal="points" from="Brick144" to="." method="_on_points"]
[connection signal="effect" from="Brick145" to="." method="_on_effect"]
[connection signal="gold" from="Brick145" to="." method="_on_gold"]
[connection signal="points" from="Brick145" to="." method="_on_points"]
[connection signal="effect" from="Brick146" to="." method="_on_effect"]
[connection signal="gold" from="Brick146" to="." method="_on_gold"]
[connection signal="points" from="Brick146" to="." method="_on_points"]
[connection signal="effect" from="Brick147" to="." method="_on_effect"]
[connection signal="gold" from="Brick147" to="." method="_on_gold"]
[connection signal="points" from="Brick147" to="." method="_on_points"]
[connection signal="effect" from="Brick148" to="." method="_on_effect"]
[connection signal="gold" from="Brick148" to="." method="_on_gold"]
[connection signal="points" from="Brick148" to="." method="_on_points"]
[connection signal="effect" from="Brick149" to="." method="_on_effect"]
[connection signal="gold" from="Brick149" to="." method="_on_gold"]
[connection signal="points" from="Brick149" to="." method="_on_points"]
[connection signal="effect" from="Brick150" to="." method="_on_effect"]
[connection signal="gold" from="Brick150" to="." method="_on_gold"]
[connection signal="points" from="Brick150" to="." method="_on_points"]
[connection signal="effect" from="Brick151" to="." method="_on_effect"]
[connection signal="gold" from="Brick151" to="." method="_on_gold"]
[connection signal="points" from="Brick151" to="." method="_on_points"]
[connection signal="effect" from="Brick152" to="." method="_on_effect"]
[connection signal="gold" from="Brick152" to="." method="_on_gold"]
[connection signal="points" from="Brick152" to="." method="_on_points"]
[connection signal="effect" from="Brick153" to="." method="_on_effect"]
[connection signal="gold" from="Brick153" to="." method="_on_gold"]
[connection signal="points" from="Brick153" to="." method="_on_points"]
[connection signal="effect" from="Brick154" to="." method="_on_effect"]
[connection signal="gold" from="Brick154" to="." method="_on_gold"]
[connection signal="points" from="Brick154" to="." method="_on_points"]
[connection signal="effect" from="Brick155" to="." method="_on_effect"]
[connection signal="gold" from="Brick155" to="." method="_on_gold"]
[connection signal="points" from="Brick155" to="." method="_on_points"]
[connection signal="effect" from="Brick156" to="." method="_on_effect"]
[connection signal="gold" from="Brick156" to="." method="_on_gold"]
[connection signal="points" from="Brick156" to="." method="_on_points"]
[connection signal="effect" from="Brick157" to="." method="_on_effect"]
[connection signal="gold" from="Brick157" to="." method="_on_gold"]
[connection signal="points" from="Brick157" to="." method="_on_points"]
[connection signal="effect" from="Brick158" to="." method="_on_effect"]
[connection signal="gold" from="Brick158" to="." method="_on_gold"]
[connection signal="points" from="Brick158" to="." method="_on_points"]
[connection signal="effect" from="Brick159" to="." method="_on_effect"]
[connection signal="gold" from="Brick159" to="." method="_on_gold"]
[connection signal="points" from="Brick159" to="." method="_on_points"]
[connection signal="effect" from="Brick160" to="." method="_on_effect"]
[connection signal="gold" from="Brick160" to="." method="_on_gold"]
[connection signal="points" from="Brick160" to="." method="_on_points"]
[connection signal="effect" from="Brick161" to="." method="_on_effect"]
[connection signal="gold" from="Brick161" to="." method="_on_gold"]
[connection signal="points" from="Brick161" to="." method="_on_points"]
[connection signal="effect" from="Brick162" to="." method="_on_effect"]
[connection signal="gold" from="Brick162" to="." method="_on_gold"]
[connection signal="points" from="Brick162" to="." method="_on_points"]
[connection signal="effect" from="Brick163" to="." method="_on_effect"]
[connection signal="gold" from="Brick163" to="." method="_on_gold"]
[connection signal="points" from="Brick163" to="." method="_on_points"]
[connection signal="effect" from="Brick164" to="." method="_on_effect"]
[connection signal="gold" from="Brick164" to="." method="_on_gold"]
[connection signal="points" from="Brick164" to="." method="_on_points"]
[connection signal="effect" from="Brick27" to="." method="_on_effect"]
[connection signal="gold" from="Brick27" to="." method="_on_gold"]
[connection signal="points" from="Brick27" to="." method="_on_points"]
[connection signal="effect" from="Brick28" to="." method="_on_effect"]
[connection signal="gold" from="Brick28" to="." method="_on_gold"]
[connection signal="points" from="Brick28" to="." method="_on_points"]
[connection signal="effect" from="Brick29" to="." method="_on_effect"]
[connection signal="gold" from="Brick29" to="." method="_on_gold"]
[connection signal="points" from="Brick29" to="." method="_on_points"]
[connection signal="effect" from="GoldBrick" to="." method="_on_effect"]
[connection signal="gold" from="GoldBrick" to="." method="_on_gold"]
[connection signal="points" from="GoldBrick" to="." method="_on_points"]
[connection signal="effect" from="GoldBrick2" to="." method="_on_effect"]
[connection signal="gold" from="GoldBrick2" to="." method="_on_gold"]
[connection signal="points" from="GoldBrick2" to="." method="_on_points"]
[connection signal="effect" from="GoldBrick3" to="." method="_on_effect"]
[connection signal="gold" from="GoldBrick3" to="." method="_on_gold"]
[connection signal="points" from="GoldBrick3" to="." method="_on_points"]
[connection signal="effect" from="GoldBrick4" to="." method="_on_effect"]
[connection signal="gold" from="GoldBrick4" to="." method="_on_gold"]
[connection signal="points" from="GoldBrick4" to="." method="_on_points"]
[connection signal="effect" from="GoldBrick5" to="." method="_on_effect"]
[connection signal="gold" from="GoldBrick5" to="." method="_on_gold"]
[connection signal="points" from="GoldBrick5" to="." method="_on_points"]
[connection signal="effect" from="GoldBrick6" to="." method="_on_effect"]
[connection signal="gold" from="GoldBrick6" to="." method="_on_gold"]
[connection signal="points" from="GoldBrick6" to="." method="_on_points"]
[connection signal="effect" from="GoldBrick7" to="." method="_on_effect"]
[connection signal="gold" from="GoldBrick7" to="." method="_on_gold"]
[connection signal="points" from="GoldBrick7" to="." method="_on_points"]
[connection signal="effect" from="GoldBrick8" to="." method="_on_effect"]
[connection signal="gold" from="GoldBrick8" to="." method="_on_gold"]
[connection signal="points" from="GoldBrick8" to="." method="_on_points"]
[connection signal="effect" from="GoldBrick9" to="." method="_on_effect"]
[connection signal="gold" from="GoldBrick9" to="." method="_on_gold"]
[connection signal="points" from="GoldBrick9" to="." method="_on_points"]
[connection signal="effect" from="GoldBrick10" to="." method="_on_effect"]
[connection signal="gold" from="GoldBrick10" to="." method="_on_gold"]
[connection signal="points" from="GoldBrick10" to="." method="_on_points"]
[connection signal="effect" from="GoldBrick11" to="." method="_on_effect"]
[connection signal="gold" from="GoldBrick11" to="." method="_on_gold"]
[connection signal="points" from="GoldBrick11" to="." method="_on_points"]
[connection signal="effect" from="GoldBrick12" to="." method="_on_effect"]
[connection signal="gold" from="GoldBrick12" to="." method="_on_gold"]
[connection signal="points" from="GoldBrick12" to="." method="_on_points"]
[connection signal="effect" from="GoldBrick13" to="." method="_on_effect"]
[connection signal="gold" from="GoldBrick13" to="." method="_on_gold"]
[connection signal="points" from="GoldBrick13" to="." method="_on_points"]
[connection signal="effect" from="GoldBrick14" to="." method="_on_effect"]
[connection signal="gold" from="GoldBrick14" to="." method="_on_gold"]
[connection signal="points" from="GoldBrick14" to="." method="_on_points"]
[connection signal="effect" from="GoldBrick15" to="." method="_on_effect"]
[connection signal="gold" from="GoldBrick15" to="." method="_on_gold"]
[connection signal="points" from="GoldBrick15" to="." method="_on_points"]
[connection signal="effect" from="GoldBrick16" to="." method="_on_effect"]
[connection signal="gold" from="GoldBrick16" to="." method="_on_gold"]
[connection signal="points" from="GoldBrick16" to="." method="_on_points"]
[connection signal="effect" from="MultiBallsBrick" to="." method="_on_effect"]
[connection signal="gold" from="MultiBallsBrick" to="." method="_on_gold"]
[connection signal="points" from="MultiBallsBrick" to="." method="_on_points"]
[connection signal="effect" from="MultiBallsBrick2" to="." method="_on_effect"]
[connection signal="gold" from="MultiBallsBrick2" to="." method="_on_gold"]
[connection signal="points" from="MultiBallsBrick2" to="." method="_on_points"]
[connection signal="effect" from="MultiBallsBrick4" to="." method="_on_effect"]
[connection signal="gold" from="MultiBallsBrick4" to="." method="_on_gold"]
[connection signal="points" from="MultiBallsBrick4" to="." method="_on_points"]
[connection signal="effect" from="MultiBallsBrick3" to="." method="_on_effect"]
[connection signal="gold" from="MultiBallsBrick3" to="." method="_on_gold"]
[connection signal="points" from="MultiBallsBrick3" to="." method="_on_points"]
[connection signal="effect" from="MultiBallsBrick5" to="." method="_on_effect"]
[connection signal="gold" from="MultiBallsBrick5" to="." method="_on_gold"]
[connection signal="points" from="MultiBallsBrick5" to="." method="_on_points"]
[connection signal="effect" from="MultiBallsBrick6" to="." method="_on_effect"]
[connection signal="gold" from="MultiBallsBrick6" to="." method="_on_gold"]
[connection signal="points" from="MultiBallsBrick6" to="." method="_on_points"]
[connection signal="effect" from="MultiBallsBrick7" to="." method="_on_effect"]
[connection signal="gold" from="MultiBallsBrick7" to="." method="_on_gold"]
[connection signal="points" from="MultiBallsBrick7" to="." method="_on_points"]
[connection signal="effect" from="MultiBallsBrick8" to="." method="_on_effect"]
[connection signal="gold" from="MultiBallsBrick8" to="." method="_on_gold"]
[connection signal="points" from="MultiBallsBrick8" to="." method="_on_points"]
[connection signal="effect" from="StickyBrick" to="." method="_on_effect"]
[connection signal="gold" from="StickyBrick" to="." method="_on_gold"]
[connection signal="points" from="StickyBrick" to="." method="_on_points"]
[connection signal="effect" from="StickyBrick7" to="." method="_on_effect"]
[connection signal="gold" from="StickyBrick7" to="." method="_on_gold"]
[connection signal="points" from="StickyBrick7" to="." method="_on_points"]
[connection signal="effect" from="StickyBrick8" to="." method="_on_effect"]
[connection signal="gold" from="StickyBrick8" to="." method="_on_gold"]
[connection signal="points" from="StickyBrick8" to="." method="_on_points"]
[connection signal="effect" from="StickyBrick9" to="." method="_on_effect"]
[connection signal="gold" from="StickyBrick9" to="." method="_on_gold"]
[connection signal="points" from="StickyBrick9" to="." method="_on_points"]
[connection signal="effect" from="StickyBrick10" to="." method="_on_effect"]
[connection signal="gold" from="StickyBrick10" to="." method="_on_gold"]
[connection signal="points" from="StickyBrick10" to="." method="_on_points"]
[connection signal="effect" from="StickyBrick5" to="." method="_on_effect"]
[connection signal="gold" from="StickyBrick5" to="." method="_on_gold"]
[connection signal="points" from="StickyBrick5" to="." method="_on_points"]
[connection signal="effect" from="StickyBrick2" to="." method="_on_effect"]
[connection signal="gold" from="StickyBrick2" to="." method="_on_gold"]
[connection signal="points" from="StickyBrick2" to="." method="_on_points"]
[connection signal="effect" from="StickyBrick6" to="." method="_on_effect"]
[connection signal="gold" from="StickyBrick6" to="." method="_on_gold"]
[connection signal="points" from="StickyBrick6" to="." method="_on_points"]
[connection signal="effect" from="StickyBrick3" to="." method="_on_effect"]
[connection signal="gold" from="StickyBrick3" to="." method="_on_gold"]
[connection signal="points" from="StickyBrick3" to="." method="_on_points"]
[connection signal="effect" from="StickyBrick4" to="." method="_on_effect"]
[connection signal="gold" from="StickyBrick4" to="." method="_on_gold"]
[connection signal="points" from="StickyBrick4" to="." method="_on_points"]
