[gd_scene load_steps=9 format=3 uid="uid://bov7m1h2ehfnr"]

[ext_resource type="Script" path="res://src/scenes/levels/Level.gd" id="1_677w5"]
[ext_resource type="PackedScene" uid="uid://dlffmdcv2kxxw" path="res://src/scenes/levels/BrickEffect.tscn" id="2_lvvy4"]
[ext_resource type="PackedScene" uid="uid://bhns080fs2cis" path="res://src/scenes/entities/layout/Walls.tscn" id="3_64m1i"]
[ext_resource type="PackedScene" uid="uid://bslaiysep7ubo" path="res://src/scenes/levels/CollisionMerger.tscn" id="3_ikd25"]
[ext_resource type="PackedScene" uid="uid://vdfarqnbvgki" path="res://src/scenes/entities/bricks/Brick.tscn" id="4_qqb8c"]
[ext_resource type="PackedScene" uid="uid://bily6o3rmp525" path="res://src/scenes/entities/bricks/GoldBrick.tscn" id="5_3cnkx"]
[ext_resource type="PackedScene" uid="uid://qtxj0lo6baw0" path="res://src/scenes/entities/bricks/TimingBrick.tscn" id="7_kvts2"]
[ext_resource type="PackedScene" uid="uid://jv2d4kfi5jte" path="res://src/scenes/entities/bricks/StickyBrick.tscn" id="9_ca44l"]

[node name="Level" type="Node2D"]
script = ExtResource("1_677w5")
name_ = "Au temps pour moi"

[node name="BrickEffect" parent="." instance=ExtResource("2_lvvy4")]

[node name="Spawns" type="Node2D" parent="."]

[node name="0" type="Marker2D" parent="Spawns"]
position = Vector2(84, 500)

[node name="1" type="Marker2D" parent="Spawns"]
position = Vector2(1836, 500)

[node name="CollisionMerger" parent="." instance=ExtResource("3_ikd25")]

[node name="Walls" parent="." instance=ExtResource("3_64m1i")]
metadata/_edit_lock_ = true

[node name="Brick" parent="." instance=ExtResource("4_qqb8c")]
position = Vector2(912, 116)

[node name="Brick2" parent="." instance=ExtResource("4_qqb8c")]
position = Vector2(944, 116)

[node name="Brick3" parent="." instance=ExtResource("4_qqb8c")]
position = Vector2(976, 116)

[node name="Brick4" parent="." instance=ExtResource("4_qqb8c")]
position = Vector2(1008, 116)

[node name="Brick13" parent="." instance=ExtResource("4_qqb8c")]
position = Vector2(720, 212)

[node name="Brick14" parent="." instance=ExtResource("4_qqb8c")]
position = Vector2(752, 212)

[node name="Brick15" parent="." instance=ExtResource("4_qqb8c")]
position = Vector2(784, 212)

[node name="Brick16" parent="." instance=ExtResource("4_qqb8c")]
position = Vector2(816, 212)

[node name="Brick45" parent="." instance=ExtResource("4_qqb8c")]
position = Vector2(752, 116)

[node name="Brick46" parent="." instance=ExtResource("4_qqb8c")]
position = Vector2(784, 116)

[node name="Brick49" parent="." instance=ExtResource("4_qqb8c")]
position = Vector2(1136, 116)

[node name="Brick50" parent="." instance=ExtResource("4_qqb8c")]
position = Vector2(1168, 116)

[node name="Brick51" parent="." instance=ExtResource("4_qqb8c")]
position = Vector2(752, 308)

[node name="Brick53" parent="." instance=ExtResource("4_qqb8c")]
position = Vector2(816, 308)

[node name="Brick54" parent="." instance=ExtResource("4_qqb8c")]
position = Vector2(1104, 308)

[node name="Brick56" parent="." instance=ExtResource("4_qqb8c")]
position = Vector2(1168, 308)

[node name="Brick57" parent="." instance=ExtResource("4_qqb8c")]
position = Vector2(1104, 500)

[node name="Brick58" parent="." instance=ExtResource("4_qqb8c")]
position = Vector2(1136, 500)

[node name="Brick61" parent="." instance=ExtResource("4_qqb8c")]
position = Vector2(784, 500)

[node name="Brick62" parent="." instance=ExtResource("4_qqb8c")]
position = Vector2(816, 500)

[node name="Brick63" parent="." instance=ExtResource("4_qqb8c")]
position = Vector2(752, 692)

[node name="Brick65" parent="." instance=ExtResource("4_qqb8c")]
position = Vector2(816, 692)

[node name="Brick66" parent="." instance=ExtResource("4_qqb8c")]
position = Vector2(1104, 692)

[node name="Brick68" parent="." instance=ExtResource("4_qqb8c")]
position = Vector2(1168, 692)

[node name="Brick69" parent="." instance=ExtResource("4_qqb8c")]
position = Vector2(752, 884)

[node name="Brick70" parent="." instance=ExtResource("4_qqb8c")]
position = Vector2(784, 884)

[node name="Brick73" parent="." instance=ExtResource("4_qqb8c")]
position = Vector2(1136, 884)

[node name="Brick74" parent="." instance=ExtResource("4_qqb8c")]
position = Vector2(1168, 884)

[node name="Brick17" parent="." instance=ExtResource("4_qqb8c")]
position = Vector2(720, 404)

[node name="Brick18" parent="." instance=ExtResource("4_qqb8c")]
position = Vector2(752, 404)

[node name="Brick19" parent="." instance=ExtResource("4_qqb8c")]
position = Vector2(784, 404)

[node name="Brick20" parent="." instance=ExtResource("4_qqb8c")]
position = Vector2(816, 404)

[node name="Brick21" parent="." instance=ExtResource("4_qqb8c")]
position = Vector2(720, 596)

[node name="Brick22" parent="." instance=ExtResource("4_qqb8c")]
position = Vector2(752, 596)

[node name="Brick23" parent="." instance=ExtResource("4_qqb8c")]
position = Vector2(784, 596)

[node name="Brick24" parent="." instance=ExtResource("4_qqb8c")]
position = Vector2(816, 596)

[node name="Brick25" parent="." instance=ExtResource("4_qqb8c")]
position = Vector2(720, 788)

[node name="Brick26" parent="." instance=ExtResource("4_qqb8c")]
position = Vector2(752, 788)

[node name="Brick27" parent="." instance=ExtResource("4_qqb8c")]
position = Vector2(784, 788)

[node name="Brick28" parent="." instance=ExtResource("4_qqb8c")]
position = Vector2(816, 788)

[node name="Brick29" parent="." instance=ExtResource("4_qqb8c")]
position = Vector2(1104, 212)

[node name="Brick30" parent="." instance=ExtResource("4_qqb8c")]
position = Vector2(1136, 212)

[node name="Brick31" parent="." instance=ExtResource("4_qqb8c")]
position = Vector2(1168, 212)

[node name="Brick32" parent="." instance=ExtResource("4_qqb8c")]
position = Vector2(1200, 212)

[node name="Brick88" parent="." instance=ExtResource("4_qqb8c")]
position = Vector2(1424, 116)

[node name="Brick33" parent="." instance=ExtResource("4_qqb8c")]
position = Vector2(1104, 404)

[node name="Brick34" parent="." instance=ExtResource("4_qqb8c")]
position = Vector2(1136, 404)

[node name="Brick35" parent="." instance=ExtResource("4_qqb8c")]
position = Vector2(1168, 404)

[node name="Brick36" parent="." instance=ExtResource("4_qqb8c")]
position = Vector2(1200, 404)

[node name="Brick37" parent="." instance=ExtResource("4_qqb8c")]
position = Vector2(1104, 596)

[node name="Brick38" parent="." instance=ExtResource("4_qqb8c")]
position = Vector2(1136, 596)

[node name="Brick39" parent="." instance=ExtResource("4_qqb8c")]
position = Vector2(1168, 596)

[node name="Brick40" parent="." instance=ExtResource("4_qqb8c")]
position = Vector2(1200, 596)

[node name="Brick41" parent="." instance=ExtResource("4_qqb8c")]
position = Vector2(1104, 788)

[node name="Brick42" parent="." instance=ExtResource("4_qqb8c")]
position = Vector2(1136, 788)

[node name="Brick43" parent="." instance=ExtResource("4_qqb8c")]
position = Vector2(1168, 788)

[node name="Brick44" parent="." instance=ExtResource("4_qqb8c")]
position = Vector2(1200, 788)

[node name="Brick75" parent="." instance=ExtResource("4_qqb8c")]
position = Vector2(1392, 212)

[node name="Brick76" parent="." instance=ExtResource("4_qqb8c")]
position = Vector2(1392, 404)

[node name="Brick77" parent="." instance=ExtResource("4_qqb8c")]
position = Vector2(1392, 596)

[node name="Brick78" parent="." instance=ExtResource("4_qqb8c")]
position = Vector2(1392, 788)

[node name="Brick79" parent="." instance=ExtResource("4_qqb8c")]
position = Vector2(1392, 308)

[node name="Brick80" parent="." instance=ExtResource("4_qqb8c")]
position = Vector2(1424, 308)

[node name="Brick82" parent="." instance=ExtResource("4_qqb8c")]
position = Vector2(1424, 500)

[node name="Brick83" parent="." instance=ExtResource("4_qqb8c")]
position = Vector2(1392, 692)

[node name="Brick84" parent="." instance=ExtResource("4_qqb8c")]
position = Vector2(1424, 692)

[node name="Brick86" parent="." instance=ExtResource("4_qqb8c")]
position = Vector2(1424, 884)

[node name="Brick89" parent="." instance=ExtResource("4_qqb8c")]
position = Vector2(1360, 116)

[node name="Brick90" parent="." instance=ExtResource("4_qqb8c")]
position = Vector2(1360, 308)

[node name="Brick91" parent="." instance=ExtResource("4_qqb8c")]
position = Vector2(1360, 500)

[node name="Brick92" parent="." instance=ExtResource("4_qqb8c")]
position = Vector2(1360, 692)

[node name="Brick93" parent="." instance=ExtResource("4_qqb8c")]
position = Vector2(1360, 884)

[node name="Brick95" parent="." instance=ExtResource("4_qqb8c")]
position = Vector2(560, 116)

[node name="Brick96" parent="." instance=ExtResource("4_qqb8c")]
position = Vector2(528, 212)

[node name="Brick97" parent="." instance=ExtResource("4_qqb8c")]
position = Vector2(528, 404)

[node name="Brick98" parent="." instance=ExtResource("4_qqb8c")]
position = Vector2(528, 596)

[node name="Brick99" parent="." instance=ExtResource("4_qqb8c")]
position = Vector2(528, 788)

[node name="Brick100" parent="." instance=ExtResource("4_qqb8c")]
position = Vector2(528, 308)

[node name="Brick101" parent="." instance=ExtResource("4_qqb8c")]
position = Vector2(560, 308)

[node name="Brick103" parent="." instance=ExtResource("4_qqb8c")]
position = Vector2(560, 500)

[node name="Brick104" parent="." instance=ExtResource("4_qqb8c")]
position = Vector2(528, 692)

[node name="Brick105" parent="." instance=ExtResource("4_qqb8c")]
position = Vector2(560, 692)

[node name="Brick107" parent="." instance=ExtResource("4_qqb8c")]
position = Vector2(560, 884)

[node name="Brick108" parent="." instance=ExtResource("4_qqb8c")]
position = Vector2(496, 116)

[node name="Brick109" parent="." instance=ExtResource("4_qqb8c")]
position = Vector2(496, 308)

[node name="Brick110" parent="." instance=ExtResource("4_qqb8c")]
position = Vector2(496, 500)

[node name="Brick111" parent="." instance=ExtResource("4_qqb8c")]
position = Vector2(496, 692)

[node name="Brick112" parent="." instance=ExtResource("4_qqb8c")]
position = Vector2(496, 884)

[node name="Brick5" parent="." instance=ExtResource("4_qqb8c")]
position = Vector2(912, 884)

[node name="Brick6" parent="." instance=ExtResource("4_qqb8c")]
position = Vector2(944, 884)

[node name="Brick7" parent="." instance=ExtResource("4_qqb8c")]
position = Vector2(976, 884)

[node name="Brick8" parent="." instance=ExtResource("4_qqb8c")]
position = Vector2(1008, 884)

[node name="Brick9" parent="." instance=ExtResource("4_qqb8c")]
position = Vector2(944, 500)

[node name="Brick10" parent="." instance=ExtResource("4_qqb8c")]
position = Vector2(944, 308)

[node name="Brick11" parent="." instance=ExtResource("4_qqb8c")]
position = Vector2(976, 308)

[node name="Brick47" parent="." instance=ExtResource("4_qqb8c")]
position = Vector2(944, 692)

[node name="Brick48" parent="." instance=ExtResource("4_qqb8c")]
position = Vector2(976, 692)

[node name="Brick12" parent="." instance=ExtResource("4_qqb8c")]
position = Vector2(976, 500)

[node name="GoldBrick" parent="." instance=ExtResource("5_3cnkx")]
position = Vector2(880, 500)

[node name="GoldBrick2" parent="." instance=ExtResource("5_3cnkx")]
position = Vector2(1040, 500)

[node name="GoldBrick3" parent="." instance=ExtResource("5_3cnkx")]
position = Vector2(944, 404)

[node name="GoldBrick4" parent="." instance=ExtResource("5_3cnkx")]
position = Vector2(976, 404)

[node name="GoldBrick5" parent="." instance=ExtResource("5_3cnkx")]
position = Vector2(912, 500)

[node name="GoldBrick6" parent="." instance=ExtResource("5_3cnkx")]
position = Vector2(1008, 500)

[node name="GoldBrick7" parent="." instance=ExtResource("5_3cnkx")]
position = Vector2(944, 212)

[node name="GoldBrick15" parent="." instance=ExtResource("5_3cnkx")]
position = Vector2(880, 116)

[node name="GoldBrick16" parent="." instance=ExtResource("5_3cnkx")]
position = Vector2(1040, 116)

[node name="GoldBrick17" parent="." instance=ExtResource("5_3cnkx")]
position = Vector2(1040, 884)

[node name="GoldBrick18" parent="." instance=ExtResource("5_3cnkx")]
position = Vector2(880, 884)

[node name="GoldBrick8" parent="." instance=ExtResource("5_3cnkx")]
position = Vector2(976, 212)

[node name="GoldBrick9" parent="." instance=ExtResource("5_3cnkx")]
position = Vector2(944, 788)

[node name="GoldBrick10" parent="." instance=ExtResource("5_3cnkx")]
position = Vector2(976, 788)

[node name="GoldBrick13" parent="." instance=ExtResource("5_3cnkx")]
position = Vector2(944, 596)

[node name="GoldBrick14" parent="." instance=ExtResource("5_3cnkx")]
position = Vector2(976, 596)

[node name="StickyBrick" parent="." instance=ExtResource("9_ca44l")]
position = Vector2(816, 116)

[node name="StickyBrick2" parent="." instance=ExtResource("9_ca44l")]
position = Vector2(784, 308)

[node name="StickyBrick3" parent="." instance=ExtResource("9_ca44l")]
position = Vector2(752, 500)

[node name="StickyBrick4" parent="." instance=ExtResource("9_ca44l")]
position = Vector2(784, 692)

[node name="StickyBrick5" parent="." instance=ExtResource("9_ca44l")]
position = Vector2(816, 884)

[node name="StickyBrick6" parent="." instance=ExtResource("9_ca44l")]
position = Vector2(1104, 884)

[node name="StickyBrick7" parent="." instance=ExtResource("9_ca44l")]
position = Vector2(1136, 692)

[node name="StickyBrick8" parent="." instance=ExtResource("9_ca44l")]
position = Vector2(1168, 500)

[node name="StickyBrick9" parent="." instance=ExtResource("9_ca44l")]
position = Vector2(1136, 308)

[node name="StickyBrick10" parent="." instance=ExtResource("9_ca44l")]
position = Vector2(1104, 116)

[node name="TimingBrick" parent="." instance=ExtResource("7_kvts2")]
position = Vector2(848, 500)

[node name="TimingBrick11" parent="." instance=ExtResource("7_kvts2")]
position = Vector2(528, 500)

[node name="TimingBrick24" parent="." instance=ExtResource("7_kvts2")]
position = Vector2(1392, 500)

[node name="TimingBrick2" parent="." instance=ExtResource("7_kvts2")]
modulate = Color(0.500934, 0.500934, 0.500934, 1)
position = Vector2(848, 596)
is_green = true

[node name="TimingBrick3" parent="." instance=ExtResource("7_kvts2")]
position = Vector2(848, 692)

[node name="TimingBrick4" parent="." instance=ExtResource("7_kvts2")]
modulate = Color(0.500934, 0.500934, 0.500934, 1)
position = Vector2(848, 788)
is_green = true

[node name="TimingBrick9" parent="." instance=ExtResource("7_kvts2")]
position = Vector2(848, 884)

[node name="TimingBrick12" parent="." instance=ExtResource("7_kvts2")]
position = Vector2(848, 116)

[node name="TimingBrick13" parent="." instance=ExtResource("7_kvts2")]
modulate = Color(0.500934, 0.500934, 0.500934, 1)
position = Vector2(848, 212)
is_green = true

[node name="TimingBrick20" parent="." instance=ExtResource("7_kvts2")]
modulate = Color(0.500934, 0.500934, 0.500934, 1)
position = Vector2(528, 116)
is_green = true

[node name="TimingBrick21" parent="." instance=ExtResource("7_kvts2")]
modulate = Color(0.500934, 0.500934, 0.500934, 1)
position = Vector2(1392, 116)
is_green = true

[node name="TimingBrick22" parent="." instance=ExtResource("7_kvts2")]
modulate = Color(0.500934, 0.500934, 0.500934, 1)
position = Vector2(528, 884)
is_green = true

[node name="TimingBrick23" parent="." instance=ExtResource("7_kvts2")]
modulate = Color(0.500934, 0.500934, 0.500934, 1)
position = Vector2(1392, 884)
is_green = true

[node name="TimingBrick14" parent="." instance=ExtResource("7_kvts2")]
position = Vector2(848, 308)

[node name="TimingBrick15" parent="." instance=ExtResource("7_kvts2")]
modulate = Color(0.500934, 0.500934, 0.500934, 1)
position = Vector2(848, 404)
is_green = true

[node name="TimingBrick16" parent="." instance=ExtResource("7_kvts2")]
position = Vector2(1072, 116)

[node name="TimingBrick17" parent="." instance=ExtResource("7_kvts2")]
modulate = Color(0.500934, 0.500934, 0.500934, 1)
position = Vector2(1072, 212)
is_green = true

[node name="TimingBrick18" parent="." instance=ExtResource("7_kvts2")]
position = Vector2(1072, 308)

[node name="TimingBrick19" parent="." instance=ExtResource("7_kvts2")]
modulate = Color(0.500934, 0.500934, 0.500934, 1)
position = Vector2(1072, 404)
is_green = true

[node name="TimingBrick10" parent="." instance=ExtResource("7_kvts2")]
position = Vector2(1072, 884)

[node name="TimingBrick5" parent="." instance=ExtResource("7_kvts2")]
position = Vector2(1072, 692)

[node name="TimingBrick6" parent="." instance=ExtResource("7_kvts2")]
modulate = Color(0.500934, 0.500934, 0.500934, 1)
position = Vector2(1072, 788)
is_green = true

[node name="TimingBrick7" parent="." instance=ExtResource("7_kvts2")]
position = Vector2(1072, 500)

[node name="TimingBrick8" parent="." instance=ExtResource("7_kvts2")]
modulate = Color(0.500934, 0.500934, 0.500934, 1)
position = Vector2(1072, 596)
is_green = true

[connection signal="effect" from="Brick" to="." method="_on_effect"]
[connection signal="gold" from="Brick" to="." method="_on_gold"]
[connection signal="points" from="Brick" to="." method="_on_points"]
[connection signal="effect" from="Brick2" to="." method="_on_effect"]
[connection signal="gold" from="Brick2" to="." method="_on_gold"]
[connection signal="points" from="Brick2" to="." method="_on_points"]
[connection signal="effect" from="Brick3" to="." method="_on_effect"]
[connection signal="gold" from="Brick3" to="." method="_on_gold"]
[connection signal="points" from="Brick3" to="." method="_on_points"]
[connection signal="effect" from="Brick4" to="." method="_on_effect"]
[connection signal="gold" from="Brick4" to="." method="_on_gold"]
[connection signal="points" from="Brick4" to="." method="_on_points"]
[connection signal="effect" from="Brick13" to="." method="_on_effect"]
[connection signal="gold" from="Brick13" to="." method="_on_gold"]
[connection signal="points" from="Brick13" to="." method="_on_points"]
[connection signal="effect" from="Brick14" to="." method="_on_effect"]
[connection signal="gold" from="Brick14" to="." method="_on_gold"]
[connection signal="points" from="Brick14" to="." method="_on_points"]
[connection signal="effect" from="Brick15" to="." method="_on_effect"]
[connection signal="gold" from="Brick15" to="." method="_on_gold"]
[connection signal="points" from="Brick15" to="." method="_on_points"]
[connection signal="effect" from="Brick16" to="." method="_on_effect"]
[connection signal="gold" from="Brick16" to="." method="_on_gold"]
[connection signal="points" from="Brick16" to="." method="_on_points"]
[connection signal="effect" from="Brick45" to="." method="_on_effect"]
[connection signal="gold" from="Brick45" to="." method="_on_gold"]
[connection signal="points" from="Brick45" to="." method="_on_points"]
[connection signal="effect" from="Brick46" to="." method="_on_effect"]
[connection signal="gold" from="Brick46" to="." method="_on_gold"]
[connection signal="points" from="Brick46" to="." method="_on_points"]
[connection signal="effect" from="Brick49" to="." method="_on_effect"]
[connection signal="gold" from="Brick49" to="." method="_on_gold"]
[connection signal="points" from="Brick49" to="." method="_on_points"]
[connection signal="effect" from="Brick50" to="." method="_on_effect"]
[connection signal="gold" from="Brick50" to="." method="_on_gold"]
[connection signal="points" from="Brick50" to="." method="_on_points"]
[connection signal="effect" from="Brick51" to="." method="_on_effect"]
[connection signal="gold" from="Brick51" to="." method="_on_gold"]
[connection signal="points" from="Brick51" to="." method="_on_points"]
[connection signal="effect" from="Brick53" to="." method="_on_effect"]
[connection signal="gold" from="Brick53" to="." method="_on_gold"]
[connection signal="points" from="Brick53" to="." method="_on_points"]
[connection signal="effect" from="Brick54" to="." method="_on_effect"]
[connection signal="gold" from="Brick54" to="." method="_on_gold"]
[connection signal="points" from="Brick54" to="." method="_on_points"]
[connection signal="effect" from="Brick56" to="." method="_on_effect"]
[connection signal="gold" from="Brick56" to="." method="_on_gold"]
[connection signal="points" from="Brick56" to="." method="_on_points"]
[connection signal="effect" from="Brick57" to="." method="_on_effect"]
[connection signal="gold" from="Brick57" to="." method="_on_gold"]
[connection signal="points" from="Brick57" to="." method="_on_points"]
[connection signal="effect" from="Brick58" to="." method="_on_effect"]
[connection signal="gold" from="Brick58" to="." method="_on_gold"]
[connection signal="points" from="Brick58" to="." method="_on_points"]
[connection signal="effect" from="Brick61" to="." method="_on_effect"]
[connection signal="gold" from="Brick61" to="." method="_on_gold"]
[connection signal="points" from="Brick61" to="." method="_on_points"]
[connection signal="effect" from="Brick62" to="." method="_on_effect"]
[connection signal="gold" from="Brick62" to="." method="_on_gold"]
[connection signal="points" from="Brick62" to="." method="_on_points"]
[connection signal="effect" from="Brick63" to="." method="_on_effect"]
[connection signal="gold" from="Brick63" to="." method="_on_gold"]
[connection signal="points" from="Brick63" to="." method="_on_points"]
[connection signal="effect" from="Brick65" to="." method="_on_effect"]
[connection signal="gold" from="Brick65" to="." method="_on_gold"]
[connection signal="points" from="Brick65" to="." method="_on_points"]
[connection signal="effect" from="Brick66" to="." method="_on_effect"]
[connection signal="gold" from="Brick66" to="." method="_on_gold"]
[connection signal="points" from="Brick66" to="." method="_on_points"]
[connection signal="effect" from="Brick68" to="." method="_on_effect"]
[connection signal="gold" from="Brick68" to="." method="_on_gold"]
[connection signal="points" from="Brick68" to="." method="_on_points"]
[connection signal="effect" from="Brick69" to="." method="_on_effect"]
[connection signal="gold" from="Brick69" to="." method="_on_gold"]
[connection signal="points" from="Brick69" to="." method="_on_points"]
[connection signal="effect" from="Brick70" to="." method="_on_effect"]
[connection signal="gold" from="Brick70" to="." method="_on_gold"]
[connection signal="points" from="Brick70" to="." method="_on_points"]
[connection signal="effect" from="Brick73" to="." method="_on_effect"]
[connection signal="gold" from="Brick73" to="." method="_on_gold"]
[connection signal="points" from="Brick73" to="." method="_on_points"]
[connection signal="effect" from="Brick74" to="." method="_on_effect"]
[connection signal="gold" from="Brick74" to="." method="_on_gold"]
[connection signal="points" from="Brick74" to="." method="_on_points"]
[connection signal="effect" from="Brick17" to="." method="_on_effect"]
[connection signal="gold" from="Brick17" to="." method="_on_gold"]
[connection signal="points" from="Brick17" to="." method="_on_points"]
[connection signal="effect" from="Brick18" to="." method="_on_effect"]
[connection signal="gold" from="Brick18" to="." method="_on_gold"]
[connection signal="points" from="Brick18" to="." method="_on_points"]
[connection signal="effect" from="Brick19" to="." method="_on_effect"]
[connection signal="gold" from="Brick19" to="." method="_on_gold"]
[connection signal="points" from="Brick19" to="." method="_on_points"]
[connection signal="effect" from="Brick20" to="." method="_on_effect"]
[connection signal="gold" from="Brick20" to="." method="_on_gold"]
[connection signal="points" from="Brick20" to="." method="_on_points"]
[connection signal="effect" from="Brick21" to="." method="_on_effect"]
[connection signal="gold" from="Brick21" to="." method="_on_gold"]
[connection signal="points" from="Brick21" to="." method="_on_points"]
[connection signal="effect" from="Brick22" to="." method="_on_effect"]
[connection signal="gold" from="Brick22" to="." method="_on_gold"]
[connection signal="points" from="Brick22" to="." method="_on_points"]
[connection signal="effect" from="Brick23" to="." method="_on_effect"]
[connection signal="gold" from="Brick23" to="." method="_on_gold"]
[connection signal="points" from="Brick23" to="." method="_on_points"]
[connection signal="effect" from="Brick24" to="." method="_on_effect"]
[connection signal="gold" from="Brick24" to="." method="_on_gold"]
[connection signal="points" from="Brick24" to="." method="_on_points"]
[connection signal="effect" from="Brick25" to="." method="_on_effect"]
[connection signal="gold" from="Brick25" to="." method="_on_gold"]
[connection signal="points" from="Brick25" to="." method="_on_points"]
[connection signal="effect" from="Brick26" to="." method="_on_effect"]
[connection signal="gold" from="Brick26" to="." method="_on_gold"]
[connection signal="points" from="Brick26" to="." method="_on_points"]
[connection signal="effect" from="Brick27" to="." method="_on_effect"]
[connection signal="gold" from="Brick27" to="." method="_on_gold"]
[connection signal="points" from="Brick27" to="." method="_on_points"]
[connection signal="effect" from="Brick28" to="." method="_on_effect"]
[connection signal="gold" from="Brick28" to="." method="_on_gold"]
[connection signal="points" from="Brick28" to="." method="_on_points"]
[connection signal="effect" from="Brick29" to="." method="_on_effect"]
[connection signal="gold" from="Brick29" to="." method="_on_gold"]
[connection signal="points" from="Brick29" to="." method="_on_points"]
[connection signal="effect" from="Brick30" to="." method="_on_effect"]
[connection signal="gold" from="Brick30" to="." method="_on_gold"]
[connection signal="points" from="Brick30" to="." method="_on_points"]
[connection signal="effect" from="Brick31" to="." method="_on_effect"]
[connection signal="gold" from="Brick31" to="." method="_on_gold"]
[connection signal="points" from="Brick31" to="." method="_on_points"]
[connection signal="effect" from="Brick32" to="." method="_on_effect"]
[connection signal="gold" from="Brick32" to="." method="_on_gold"]
[connection signal="points" from="Brick32" to="." method="_on_points"]
[connection signal="effect" from="Brick88" to="." method="_on_effect"]
[connection signal="gold" from="Brick88" to="." method="_on_gold"]
[connection signal="points" from="Brick88" to="." method="_on_points"]
[connection signal="effect" from="Brick33" to="." method="_on_effect"]
[connection signal="gold" from="Brick33" to="." method="_on_gold"]
[connection signal="points" from="Brick33" to="." method="_on_points"]
[connection signal="effect" from="Brick34" to="." method="_on_effect"]
[connection signal="gold" from="Brick34" to="." method="_on_gold"]
[connection signal="points" from="Brick34" to="." method="_on_points"]
[connection signal="effect" from="Brick35" to="." method="_on_effect"]
[connection signal="gold" from="Brick35" to="." method="_on_gold"]
[connection signal="points" from="Brick35" to="." method="_on_points"]
[connection signal="effect" from="Brick36" to="." method="_on_effect"]
[connection signal="gold" from="Brick36" to="." method="_on_gold"]
[connection signal="points" from="Brick36" to="." method="_on_points"]
[connection signal="effect" from="Brick37" to="." method="_on_effect"]
[connection signal="gold" from="Brick37" to="." method="_on_gold"]
[connection signal="points" from="Brick37" to="." method="_on_points"]
[connection signal="effect" from="Brick38" to="." method="_on_effect"]
[connection signal="gold" from="Brick38" to="." method="_on_gold"]
[connection signal="points" from="Brick38" to="." method="_on_points"]
[connection signal="effect" from="Brick39" to="." method="_on_effect"]
[connection signal="gold" from="Brick39" to="." method="_on_gold"]
[connection signal="points" from="Brick39" to="." method="_on_points"]
[connection signal="effect" from="Brick40" to="." method="_on_effect"]
[connection signal="gold" from="Brick40" to="." method="_on_gold"]
[connection signal="points" from="Brick40" to="." method="_on_points"]
[connection signal="effect" from="Brick41" to="." method="_on_effect"]
[connection signal="gold" from="Brick41" to="." method="_on_gold"]
[connection signal="points" from="Brick41" to="." method="_on_points"]
[connection signal="effect" from="Brick42" to="." method="_on_effect"]
[connection signal="gold" from="Brick42" to="." method="_on_gold"]
[connection signal="points" from="Brick42" to="." method="_on_points"]
[connection signal="effect" from="Brick43" to="." method="_on_effect"]
[connection signal="gold" from="Brick43" to="." method="_on_gold"]
[connection signal="points" from="Brick43" to="." method="_on_points"]
[connection signal="effect" from="Brick44" to="." method="_on_effect"]
[connection signal="gold" from="Brick44" to="." method="_on_gold"]
[connection signal="points" from="Brick44" to="." method="_on_points"]
[connection signal="effect" from="Brick75" to="." method="_on_effect"]
[connection signal="gold" from="Brick75" to="." method="_on_gold"]
[connection signal="points" from="Brick75" to="." method="_on_points"]
[connection signal="effect" from="Brick76" to="." method="_on_effect"]
[connection signal="gold" from="Brick76" to="." method="_on_gold"]
[connection signal="points" from="Brick76" to="." method="_on_points"]
[connection signal="effect" from="Brick77" to="." method="_on_effect"]
[connection signal="gold" from="Brick77" to="." method="_on_gold"]
[connection signal="points" from="Brick77" to="." method="_on_points"]
[connection signal="effect" from="Brick78" to="." method="_on_effect"]
[connection signal="gold" from="Brick78" to="." method="_on_gold"]
[connection signal="points" from="Brick78" to="." method="_on_points"]
[connection signal="effect" from="Brick79" to="." method="_on_effect"]
[connection signal="gold" from="Brick79" to="." method="_on_gold"]
[connection signal="points" from="Brick79" to="." method="_on_points"]
[connection signal="effect" from="Brick80" to="." method="_on_effect"]
[connection signal="gold" from="Brick80" to="." method="_on_gold"]
[connection signal="points" from="Brick80" to="." method="_on_points"]
[connection signal="effect" from="Brick82" to="." method="_on_effect"]
[connection signal="gold" from="Brick82" to="." method="_on_gold"]
[connection signal="points" from="Brick82" to="." method="_on_points"]
[connection signal="effect" from="Brick83" to="." method="_on_effect"]
[connection signal="gold" from="Brick83" to="." method="_on_gold"]
[connection signal="points" from="Brick83" to="." method="_on_points"]
[connection signal="effect" from="Brick84" to="." method="_on_effect"]
[connection signal="gold" from="Brick84" to="." method="_on_gold"]
[connection signal="points" from="Brick84" to="." method="_on_points"]
[connection signal="effect" from="Brick86" to="." method="_on_effect"]
[connection signal="gold" from="Brick86" to="." method="_on_gold"]
[connection signal="points" from="Brick86" to="." method="_on_points"]
[connection signal="effect" from="Brick89" to="." method="_on_effect"]
[connection signal="gold" from="Brick89" to="." method="_on_gold"]
[connection signal="points" from="Brick89" to="." method="_on_points"]
[connection signal="effect" from="Brick90" to="." method="_on_effect"]
[connection signal="gold" from="Brick90" to="." method="_on_gold"]
[connection signal="points" from="Brick90" to="." method="_on_points"]
[connection signal="effect" from="Brick91" to="." method="_on_effect"]
[connection signal="gold" from="Brick91" to="." method="_on_gold"]
[connection signal="points" from="Brick91" to="." method="_on_points"]
[connection signal="effect" from="Brick92" to="." method="_on_effect"]
[connection signal="gold" from="Brick92" to="." method="_on_gold"]
[connection signal="points" from="Brick92" to="." method="_on_points"]
[connection signal="effect" from="Brick93" to="." method="_on_effect"]
[connection signal="gold" from="Brick93" to="." method="_on_gold"]
[connection signal="points" from="Brick93" to="." method="_on_points"]
[connection signal="effect" from="Brick95" to="." method="_on_effect"]
[connection signal="gold" from="Brick95" to="." method="_on_gold"]
[connection signal="points" from="Brick95" to="." method="_on_points"]
[connection signal="effect" from="Brick96" to="." method="_on_effect"]
[connection signal="gold" from="Brick96" to="." method="_on_gold"]
[connection signal="points" from="Brick96" to="." method="_on_points"]
[connection signal="effect" from="Brick97" to="." method="_on_effect"]
[connection signal="gold" from="Brick97" to="." method="_on_gold"]
[connection signal="points" from="Brick97" to="." method="_on_points"]
[connection signal="effect" from="Brick98" to="." method="_on_effect"]
[connection signal="gold" from="Brick98" to="." method="_on_gold"]
[connection signal="points" from="Brick98" to="." method="_on_points"]
[connection signal="effect" from="Brick99" to="." method="_on_effect"]
[connection signal="gold" from="Brick99" to="." method="_on_gold"]
[connection signal="points" from="Brick99" to="." method="_on_points"]
[connection signal="effect" from="Brick100" to="." method="_on_effect"]
[connection signal="gold" from="Brick100" to="." method="_on_gold"]
[connection signal="points" from="Brick100" to="." method="_on_points"]
[connection signal="effect" from="Brick101" to="." method="_on_effect"]
[connection signal="gold" from="Brick101" to="." method="_on_gold"]
[connection signal="points" from="Brick101" to="." method="_on_points"]
[connection signal="effect" from="Brick103" to="." method="_on_effect"]
[connection signal="gold" from="Brick103" to="." method="_on_gold"]
[connection signal="points" from="Brick103" to="." method="_on_points"]
[connection signal="effect" from="Brick104" to="." method="_on_effect"]
[connection signal="gold" from="Brick104" to="." method="_on_gold"]
[connection signal="points" from="Brick104" to="." method="_on_points"]
[connection signal="effect" from="Brick105" to="." method="_on_effect"]
[connection signal="gold" from="Brick105" to="." method="_on_gold"]
[connection signal="points" from="Brick105" to="." method="_on_points"]
[connection signal="effect" from="Brick107" to="." method="_on_effect"]
[connection signal="gold" from="Brick107" to="." method="_on_gold"]
[connection signal="points" from="Brick107" to="." method="_on_points"]
[connection signal="effect" from="Brick108" to="." method="_on_effect"]
[connection signal="gold" from="Brick108" to="." method="_on_gold"]
[connection signal="points" from="Brick108" to="." method="_on_points"]
[connection signal="effect" from="Brick109" to="." method="_on_effect"]
[connection signal="gold" from="Brick109" to="." method="_on_gold"]
[connection signal="points" from="Brick109" to="." method="_on_points"]
[connection signal="effect" from="Brick110" to="." method="_on_effect"]
[connection signal="gold" from="Brick110" to="." method="_on_gold"]
[connection signal="points" from="Brick110" to="." method="_on_points"]
[connection signal="effect" from="Brick111" to="." method="_on_effect"]
[connection signal="gold" from="Brick111" to="." method="_on_gold"]
[connection signal="points" from="Brick111" to="." method="_on_points"]
[connection signal="effect" from="Brick112" to="." method="_on_effect"]
[connection signal="gold" from="Brick112" to="." method="_on_gold"]
[connection signal="points" from="Brick112" to="." method="_on_points"]
[connection signal="effect" from="Brick5" to="." method="_on_effect"]
[connection signal="gold" from="Brick5" to="." method="_on_gold"]
[connection signal="points" from="Brick5" to="." method="_on_points"]
[connection signal="effect" from="Brick6" to="." method="_on_effect"]
[connection signal="gold" from="Brick6" to="." method="_on_gold"]
[connection signal="points" from="Brick6" to="." method="_on_points"]
[connection signal="effect" from="Brick7" to="." method="_on_effect"]
[connection signal="gold" from="Brick7" to="." method="_on_gold"]
[connection signal="points" from="Brick7" to="." method="_on_points"]
[connection signal="effect" from="Brick8" to="." method="_on_effect"]
[connection signal="gold" from="Brick8" to="." method="_on_gold"]
[connection signal="points" from="Brick8" to="." method="_on_points"]
[connection signal="effect" from="Brick9" to="." method="_on_effect"]
[connection signal="gold" from="Brick9" to="." method="_on_gold"]
[connection signal="points" from="Brick9" to="." method="_on_points"]
[connection signal="effect" from="Brick10" to="." method="_on_effect"]
[connection signal="gold" from="Brick10" to="." method="_on_gold"]
[connection signal="points" from="Brick10" to="." method="_on_points"]
[connection signal="effect" from="Brick11" to="." method="_on_effect"]
[connection signal="gold" from="Brick11" to="." method="_on_gold"]
[connection signal="points" from="Brick11" to="." method="_on_points"]
[connection signal="effect" from="Brick47" to="." method="_on_effect"]
[connection signal="gold" from="Brick47" to="." method="_on_gold"]
[connection signal="points" from="Brick47" to="." method="_on_points"]
[connection signal="effect" from="Brick48" to="." method="_on_effect"]
[connection signal="gold" from="Brick48" to="." method="_on_gold"]
[connection signal="points" from="Brick48" to="." method="_on_points"]
[connection signal="effect" from="Brick12" to="." method="_on_effect"]
[connection signal="gold" from="Brick12" to="." method="_on_gold"]
[connection signal="points" from="Brick12" to="." method="_on_points"]
[connection signal="effect" from="GoldBrick" to="." method="_on_effect"]
[connection signal="gold" from="GoldBrick" to="." method="_on_gold"]
[connection signal="points" from="GoldBrick" to="." method="_on_points"]
[connection signal="effect" from="GoldBrick2" to="." method="_on_effect"]
[connection signal="gold" from="GoldBrick2" to="." method="_on_gold"]
[connection signal="points" from="GoldBrick2" to="." method="_on_points"]
[connection signal="effect" from="GoldBrick3" to="." method="_on_effect"]
[connection signal="gold" from="GoldBrick3" to="." method="_on_gold"]
[connection signal="points" from="GoldBrick3" to="." method="_on_points"]
[connection signal="effect" from="GoldBrick4" to="." method="_on_effect"]
[connection signal="gold" from="GoldBrick4" to="." method="_on_gold"]
[connection signal="points" from="GoldBrick4" to="." method="_on_points"]
[connection signal="effect" from="GoldBrick5" to="." method="_on_effect"]
[connection signal="gold" from="GoldBrick5" to="." method="_on_gold"]
[connection signal="points" from="GoldBrick5" to="." method="_on_points"]
[connection signal="effect" from="GoldBrick6" to="." method="_on_effect"]
[connection signal="gold" from="GoldBrick6" to="." method="_on_gold"]
[connection signal="points" from="GoldBrick6" to="." method="_on_points"]
[connection signal="effect" from="GoldBrick7" to="." method="_on_effect"]
[connection signal="gold" from="GoldBrick7" to="." method="_on_gold"]
[connection signal="points" from="GoldBrick7" to="." method="_on_points"]
[connection signal="effect" from="GoldBrick15" to="." method="_on_effect"]
[connection signal="gold" from="GoldBrick15" to="." method="_on_gold"]
[connection signal="points" from="GoldBrick15" to="." method="_on_points"]
[connection signal="effect" from="GoldBrick16" to="." method="_on_effect"]
[connection signal="gold" from="GoldBrick16" to="." method="_on_gold"]
[connection signal="points" from="GoldBrick16" to="." method="_on_points"]
[connection signal="effect" from="GoldBrick17" to="." method="_on_effect"]
[connection signal="gold" from="GoldBrick17" to="." method="_on_gold"]
[connection signal="points" from="GoldBrick17" to="." method="_on_points"]
[connection signal="effect" from="GoldBrick18" to="." method="_on_effect"]
[connection signal="gold" from="GoldBrick18" to="." method="_on_gold"]
[connection signal="points" from="GoldBrick18" to="." method="_on_points"]
[connection signal="effect" from="GoldBrick8" to="." method="_on_effect"]
[connection signal="gold" from="GoldBrick8" to="." method="_on_gold"]
[connection signal="points" from="GoldBrick8" to="." method="_on_points"]
[connection signal="effect" from="GoldBrick9" to="." method="_on_effect"]
[connection signal="gold" from="GoldBrick9" to="." method="_on_gold"]
[connection signal="points" from="GoldBrick9" to="." method="_on_points"]
[connection signal="effect" from="GoldBrick10" to="." method="_on_effect"]
[connection signal="gold" from="GoldBrick10" to="." method="_on_gold"]
[connection signal="points" from="GoldBrick10" to="." method="_on_points"]
[connection signal="effect" from="GoldBrick13" to="." method="_on_effect"]
[connection signal="gold" from="GoldBrick13" to="." method="_on_gold"]
[connection signal="points" from="GoldBrick13" to="." method="_on_points"]
[connection signal="effect" from="GoldBrick14" to="." method="_on_effect"]
[connection signal="gold" from="GoldBrick14" to="." method="_on_gold"]
[connection signal="points" from="GoldBrick14" to="." method="_on_points"]
[connection signal="effect" from="StickyBrick" to="." method="_on_effect"]
[connection signal="gold" from="StickyBrick" to="." method="_on_gold"]
[connection signal="points" from="StickyBrick" to="." method="_on_points"]
[connection signal="effect" from="StickyBrick2" to="." method="_on_effect"]
[connection signal="gold" from="StickyBrick2" to="." method="_on_gold"]
[connection signal="points" from="StickyBrick2" to="." method="_on_points"]
[connection signal="effect" from="StickyBrick3" to="." method="_on_effect"]
[connection signal="gold" from="StickyBrick3" to="." method="_on_gold"]
[connection signal="points" from="StickyBrick3" to="." method="_on_points"]
[connection signal="effect" from="StickyBrick4" to="." method="_on_effect"]
[connection signal="gold" from="StickyBrick4" to="." method="_on_gold"]
[connection signal="points" from="StickyBrick4" to="." method="_on_points"]
[connection signal="effect" from="StickyBrick5" to="." method="_on_effect"]
[connection signal="gold" from="StickyBrick5" to="." method="_on_gold"]
[connection signal="points" from="StickyBrick5" to="." method="_on_points"]
[connection signal="effect" from="StickyBrick6" to="." method="_on_effect"]
[connection signal="gold" from="StickyBrick6" to="." method="_on_gold"]
[connection signal="points" from="StickyBrick6" to="." method="_on_points"]
[connection signal="effect" from="StickyBrick7" to="." method="_on_effect"]
[connection signal="gold" from="StickyBrick7" to="." method="_on_gold"]
[connection signal="points" from="StickyBrick7" to="." method="_on_points"]
[connection signal="effect" from="StickyBrick8" to="." method="_on_effect"]
[connection signal="gold" from="StickyBrick8" to="." method="_on_gold"]
[connection signal="points" from="StickyBrick8" to="." method="_on_points"]
[connection signal="effect" from="StickyBrick9" to="." method="_on_effect"]
[connection signal="gold" from="StickyBrick9" to="." method="_on_gold"]
[connection signal="points" from="StickyBrick9" to="." method="_on_points"]
[connection signal="effect" from="StickyBrick10" to="." method="_on_effect"]
[connection signal="gold" from="StickyBrick10" to="." method="_on_gold"]
[connection signal="points" from="StickyBrick10" to="." method="_on_points"]
