[gd_scene load_steps=9 format=3 uid="uid://c86jrl42im7b6"]

[ext_resource type="Script" path="res://src/scenes/levels/Level.gd" id="1_vy30x"]
[ext_resource type="PackedScene" uid="uid://dlffmdcv2kxxw" path="res://src/scenes/levels/BrickEffect.tscn" id="2_v1ucj"]
[ext_resource type="PackedScene" uid="uid://bhns080fs2cis" path="res://src/scenes/entities/layout/Walls.tscn" id="3_6jq38"]
[ext_resource type="PackedScene" uid="uid://bslaiysep7ubo" path="res://src/scenes/levels/CollisionMerger.tscn" id="3_fq5ac"]
[ext_resource type="PackedScene" uid="uid://vdfarqnbvgki" path="res://src/scenes/entities/bricks/Brick.tscn" id="4_x7405"]
[ext_resource type="PackedScene" uid="uid://bily6o3rmp525" path="res://src/scenes/entities/bricks/GoldBrick.tscn" id="5_0t0yw"]
[ext_resource type="PackedScene" uid="uid://cs7h70sp4os81" path="res://src/scenes/entities/bricks/GrowBrick.tscn" id="6_mwg7b"]
[ext_resource type="PackedScene" uid="uid://dngkh2lpcssks" path="res://src/scenes/entities/bricks/ShrinkBrick.tscn" id="7_hlcnv"]

[node name="Level" type="Node2D"]
script = ExtResource("1_vy30x")
name_ = "XXL à XXS"

[node name="BrickEffect" parent="." instance=ExtResource("2_v1ucj")]

[node name="Spawns" type="Node2D" parent="."]

[node name="0" type="Marker2D" parent="Spawns"]
position = Vector2(84, 500)

[node name="1" type="Marker2D" parent="Spawns"]
position = Vector2(1836, 500)

[node name="CollisionMerger" parent="." instance=ExtResource("3_fq5ac")]

[node name="Walls" parent="." instance=ExtResource("3_6jq38")]
metadata/_edit_lock_ = true

[node name="Brick" parent="." instance=ExtResource("4_x7405")]
position = Vector2(944, 404)

[node name="Brick2" parent="." instance=ExtResource("4_x7405")]
position = Vector2(976, 404)

[node name="Brick3" parent="." instance=ExtResource("4_x7405")]
position = Vector2(912, 308)

[node name="Brick14" parent="." instance=ExtResource("4_x7405")]
position = Vector2(848, 116)

[node name="Brick15" parent="." instance=ExtResource("4_x7405")]
position = Vector2(1072, 116)

[node name="Brick17" parent="." instance=ExtResource("4_x7405")]
position = Vector2(1072, 884)

[node name="Brick21" parent="." instance=ExtResource("4_x7405")]
position = Vector2(688, 596)

[node name="Brick22" parent="." instance=ExtResource("4_x7405")]
position = Vector2(624, 788)

[node name="Brick24" parent="." instance=ExtResource("4_x7405")]
position = Vector2(688, 404)

[node name="Brick25" parent="." instance=ExtResource("4_x7405")]
position = Vector2(624, 212)

[node name="Brick26" parent="." instance=ExtResource("4_x7405")]
position = Vector2(592, 116)

[node name="Brick33" parent="." instance=ExtResource("4_x7405")]
position = Vector2(656, 84)
rotation = 1.5708

[node name="Brick34" parent="." instance=ExtResource("4_x7405")]
position = Vector2(656, 116)
rotation = 1.5708

[node name="Brick35" parent="." instance=ExtResource("4_x7405")]
position = Vector2(656, 148)
rotation = 1.5708

[node name="Brick36" parent="." instance=ExtResource("4_x7405")]
position = Vector2(752, 84)
rotation = 1.5708

[node name="Brick37" parent="." instance=ExtResource("4_x7405")]
position = Vector2(752, 116)
rotation = 1.5708

[node name="Brick38" parent="." instance=ExtResource("4_x7405")]
position = Vector2(752, 148)
rotation = 1.5708

[node name="Brick63" parent="." instance=ExtResource("4_x7405")]
position = Vector2(688, 180)
rotation = 1.5708

[node name="Brick64" parent="." instance=ExtResource("4_x7405")]
position = Vector2(688, 212)
rotation = 1.5708

[node name="Brick65" parent="." instance=ExtResource("4_x7405")]
position = Vector2(688, 244)
rotation = 1.5708

[node name="Brick66" parent="." instance=ExtResource("4_x7405")]
position = Vector2(784, 180)
rotation = 1.5708

[node name="Brick67" parent="." instance=ExtResource("4_x7405")]
position = Vector2(784, 212)
rotation = 1.5708

[node name="Brick68" parent="." instance=ExtResource("4_x7405")]
position = Vector2(784, 244)
rotation = 1.5708

[node name="Brick69" parent="." instance=ExtResource("4_x7405")]
position = Vector2(720, 276)
rotation = 1.5708

[node name="Brick70" parent="." instance=ExtResource("4_x7405")]
position = Vector2(720, 308)
rotation = 1.5708

[node name="Brick71" parent="." instance=ExtResource("4_x7405")]
position = Vector2(720, 340)
rotation = 1.5708

[node name="Brick72" parent="." instance=ExtResource("4_x7405")]
position = Vector2(816, 276)
rotation = 1.5708

[node name="Brick73" parent="." instance=ExtResource("4_x7405")]
position = Vector2(816, 308)
rotation = 1.5708

[node name="Brick74" parent="." instance=ExtResource("4_x7405")]
position = Vector2(816, 340)
rotation = 1.5708

[node name="Brick166" parent="." instance=ExtResource("4_x7405")]
position = Vector2(528, 84)
rotation = 1.5708

[node name="Brick167" parent="." instance=ExtResource("4_x7405")]
position = Vector2(528, 116)
rotation = 1.5708

[node name="Brick168" parent="." instance=ExtResource("4_x7405")]
position = Vector2(528, 148)
rotation = 1.5708

[node name="Brick169" parent="." instance=ExtResource("4_x7405")]
position = Vector2(560, 180)
rotation = 1.5708

[node name="Brick170" parent="." instance=ExtResource("4_x7405")]
position = Vector2(560, 212)
rotation = 1.5708

[node name="Brick171" parent="." instance=ExtResource("4_x7405")]
position = Vector2(560, 244)
rotation = 1.5708

[node name="Brick172" parent="." instance=ExtResource("4_x7405")]
position = Vector2(592, 276)
rotation = 1.5708

[node name="Brick173" parent="." instance=ExtResource("4_x7405")]
position = Vector2(592, 308)
rotation = 1.5708

[node name="Brick174" parent="." instance=ExtResource("4_x7405")]
position = Vector2(592, 340)
rotation = 1.5708

[node name="Brick75" parent="." instance=ExtResource("4_x7405")]
position = Vector2(752, 372)
rotation = 1.5708

[node name="Brick76" parent="." instance=ExtResource("4_x7405")]
position = Vector2(752, 404)
rotation = 1.5708

[node name="Brick77" parent="." instance=ExtResource("4_x7405")]
position = Vector2(752, 436)
rotation = 1.5708

[node name="Brick78" parent="." instance=ExtResource("4_x7405")]
position = Vector2(848, 372)
rotation = 1.5708

[node name="Brick79" parent="." instance=ExtResource("4_x7405")]
position = Vector2(848, 404)
rotation = 1.5708

[node name="Brick80" parent="." instance=ExtResource("4_x7405")]
position = Vector2(848, 436)
rotation = 1.5708

[node name="Brick81" parent="." instance=ExtResource("4_x7405")]
position = Vector2(784, 468)
rotation = 1.5708

[node name="Brick82" parent="." instance=ExtResource("4_x7405")]
position = Vector2(784, 500)
rotation = 1.5708

[node name="Brick83" parent="." instance=ExtResource("4_x7405")]
position = Vector2(784, 532)
rotation = 1.5708

[node name="Brick84" parent="." instance=ExtResource("4_x7405")]
position = Vector2(880, 468)
rotation = 1.5708

[node name="Brick85" parent="." instance=ExtResource("4_x7405")]
position = Vector2(880, 500)
rotation = 1.5708

[node name="Brick86" parent="." instance=ExtResource("4_x7405")]
position = Vector2(880, 532)
rotation = 1.5708

[node name="Brick87" parent="." instance=ExtResource("4_x7405")]
position = Vector2(752, 564)
rotation = 1.5708

[node name="Brick88" parent="." instance=ExtResource("4_x7405")]
position = Vector2(752, 596)
rotation = 1.5708

[node name="Brick89" parent="." instance=ExtResource("4_x7405")]
position = Vector2(752, 628)
rotation = 1.5708

[node name="Brick201" parent="." instance=ExtResource("4_x7405")]
position = Vector2(624, 372)
rotation = 1.5708

[node name="Brick202" parent="." instance=ExtResource("4_x7405")]
position = Vector2(624, 404)
rotation = 1.5708

[node name="Brick203" parent="." instance=ExtResource("4_x7405")]
position = Vector2(624, 436)
rotation = 1.5708

[node name="Brick204" parent="." instance=ExtResource("4_x7405")]
position = Vector2(656, 468)
rotation = 1.5708

[node name="Brick205" parent="." instance=ExtResource("4_x7405")]
position = Vector2(656, 500)
rotation = 1.5708

[node name="Brick206" parent="." instance=ExtResource("4_x7405")]
position = Vector2(656, 532)
rotation = 1.5708

[node name="Brick207" parent="." instance=ExtResource("4_x7405")]
position = Vector2(624, 564)
rotation = 1.5708

[node name="Brick208" parent="." instance=ExtResource("4_x7405")]
position = Vector2(624, 596)
rotation = 1.5708

[node name="Brick209" parent="." instance=ExtResource("4_x7405")]
position = Vector2(624, 628)
rotation = 1.5708

[node name="Brick90" parent="." instance=ExtResource("4_x7405")]
position = Vector2(848, 564)
rotation = 1.5708

[node name="Brick91" parent="." instance=ExtResource("4_x7405")]
position = Vector2(848, 596)
rotation = 1.5708

[node name="Brick92" parent="." instance=ExtResource("4_x7405")]
position = Vector2(848, 628)
rotation = 1.5708

[node name="Brick93" parent="." instance=ExtResource("4_x7405")]
position = Vector2(720, 660)
rotation = 1.5708

[node name="Brick94" parent="." instance=ExtResource("4_x7405")]
position = Vector2(720, 692)
rotation = 1.5708

[node name="Brick95" parent="." instance=ExtResource("4_x7405")]
position = Vector2(720, 724)
rotation = 1.5708

[node name="Brick96" parent="." instance=ExtResource("4_x7405")]
position = Vector2(816, 660)
rotation = 1.5708

[node name="Brick97" parent="." instance=ExtResource("4_x7405")]
position = Vector2(816, 692)
rotation = 1.5708

[node name="Brick98" parent="." instance=ExtResource("4_x7405")]
position = Vector2(816, 724)
rotation = 1.5708

[node name="Brick99" parent="." instance=ExtResource("4_x7405")]
position = Vector2(688, 756)
rotation = 1.5708

[node name="Brick100" parent="." instance=ExtResource("4_x7405")]
position = Vector2(688, 788)
rotation = 1.5708

[node name="Brick101" parent="." instance=ExtResource("4_x7405")]
position = Vector2(688, 820)
rotation = 1.5708

[node name="Brick102" parent="." instance=ExtResource("4_x7405")]
position = Vector2(784, 756)
rotation = 1.5708

[node name="Brick103" parent="." instance=ExtResource("4_x7405")]
position = Vector2(784, 788)
rotation = 1.5708

[node name="Brick104" parent="." instance=ExtResource("4_x7405")]
position = Vector2(784, 820)
rotation = 1.5708

[node name="Brick105" parent="." instance=ExtResource("4_x7405")]
position = Vector2(656, 852)
rotation = 1.5708

[node name="Brick106" parent="." instance=ExtResource("4_x7405")]
position = Vector2(656, 884)
rotation = 1.5708

[node name="Brick107" parent="." instance=ExtResource("4_x7405")]
position = Vector2(656, 916)
rotation = 1.5708

[node name="Brick108" parent="." instance=ExtResource("4_x7405")]
position = Vector2(752, 852)
rotation = 1.5708

[node name="Brick109" parent="." instance=ExtResource("4_x7405")]
position = Vector2(752, 884)
rotation = 1.5708

[node name="Brick110" parent="." instance=ExtResource("4_x7405")]
position = Vector2(752, 916)
rotation = 1.5708

[node name="Brick32" parent="." instance=ExtResource("4_x7405")]
position = Vector2(592, 884)

[node name="Brick219" parent="." instance=ExtResource("4_x7405")]
position = Vector2(496, 788)

[node name="Brick220" parent="." instance=ExtResource("4_x7405")]
position = Vector2(528, 692)

[node name="Brick221" parent="." instance=ExtResource("4_x7405")]
position = Vector2(560, 596)

[node name="Brick223" parent="." instance=ExtResource("4_x7405")]
position = Vector2(560, 404)

[node name="Brick224" parent="." instance=ExtResource("4_x7405")]
position = Vector2(528, 308)

[node name="Brick225" parent="." instance=ExtResource("4_x7405")]
position = Vector2(496, 212)

[node name="Brick226" parent="." instance=ExtResource("4_x7405")]
position = Vector2(1424, 212)

[node name="Brick227" parent="." instance=ExtResource("4_x7405")]
position = Vector2(1392, 308)

[node name="Brick228" parent="." instance=ExtResource("4_x7405")]
position = Vector2(1360, 404)

[node name="Brick230" parent="." instance=ExtResource("4_x7405")]
position = Vector2(1360, 596)

[node name="Brick231" parent="." instance=ExtResource("4_x7405")]
position = Vector2(1392, 692)

[node name="Brick232" parent="." instance=ExtResource("4_x7405")]
position = Vector2(1424, 788)

[node name="Brick192" parent="." instance=ExtResource("4_x7405")]
position = Vector2(592, 660)
rotation = 1.5708

[node name="Brick193" parent="." instance=ExtResource("4_x7405")]
position = Vector2(592, 692)
rotation = 1.5708

[node name="Brick194" parent="." instance=ExtResource("4_x7405")]
position = Vector2(592, 724)
rotation = 1.5708

[node name="Brick195" parent="." instance=ExtResource("4_x7405")]
position = Vector2(560, 756)
rotation = 1.5708

[node name="Brick196" parent="." instance=ExtResource("4_x7405")]
position = Vector2(560, 788)
rotation = 1.5708

[node name="Brick197" parent="." instance=ExtResource("4_x7405")]
position = Vector2(560, 820)
rotation = 1.5708

[node name="Brick198" parent="." instance=ExtResource("4_x7405")]
position = Vector2(528, 852)
rotation = 1.5708

[node name="Brick199" parent="." instance=ExtResource("4_x7405")]
position = Vector2(528, 884)
rotation = 1.5708

[node name="Brick200" parent="." instance=ExtResource("4_x7405")]
position = Vector2(528, 916)
rotation = 1.5708

[node name="Brick111" parent="." instance=ExtResource("4_x7405")]
position = Vector2(1168, 852)
rotation = 1.5708

[node name="Brick112" parent="." instance=ExtResource("4_x7405")]
position = Vector2(1168, 884)
rotation = 1.5708

[node name="Brick113" parent="." instance=ExtResource("4_x7405")]
position = Vector2(1168, 916)
rotation = 1.5708

[node name="Brick114" parent="." instance=ExtResource("4_x7405")]
position = Vector2(1264, 852)
rotation = 1.5708

[node name="Brick115" parent="." instance=ExtResource("4_x7405")]
position = Vector2(1264, 884)
rotation = 1.5708

[node name="Brick116" parent="." instance=ExtResource("4_x7405")]
position = Vector2(1264, 916)
rotation = 1.5708

[node name="Brick117" parent="." instance=ExtResource("4_x7405")]
position = Vector2(1136, 756)
rotation = 1.5708

[node name="Brick118" parent="." instance=ExtResource("4_x7405")]
position = Vector2(1136, 788)
rotation = 1.5708

[node name="Brick119" parent="." instance=ExtResource("4_x7405")]
position = Vector2(1136, 820)
rotation = 1.5708

[node name="Brick120" parent="." instance=ExtResource("4_x7405")]
position = Vector2(1232, 756)
rotation = 1.5708

[node name="Brick121" parent="." instance=ExtResource("4_x7405")]
position = Vector2(1232, 788)
rotation = 1.5708

[node name="Brick122" parent="." instance=ExtResource("4_x7405")]
position = Vector2(1232, 820)
rotation = 1.5708

[node name="Brick123" parent="." instance=ExtResource("4_x7405")]
position = Vector2(1104, 660)
rotation = 1.5708

[node name="Brick124" parent="." instance=ExtResource("4_x7405")]
position = Vector2(1104, 692)
rotation = 1.5708

[node name="Brick125" parent="." instance=ExtResource("4_x7405")]
position = Vector2(1104, 724)
rotation = 1.5708

[node name="Brick27" parent="." instance=ExtResource("4_x7405")]
position = Vector2(1328, 884)

[node name="Brick183" parent="." instance=ExtResource("4_x7405")]
position = Vector2(1392, 852)
rotation = 1.5708

[node name="Brick184" parent="." instance=ExtResource("4_x7405")]
position = Vector2(1392, 884)
rotation = 1.5708

[node name="Brick185" parent="." instance=ExtResource("4_x7405")]
position = Vector2(1392, 916)
rotation = 1.5708

[node name="Brick186" parent="." instance=ExtResource("4_x7405")]
position = Vector2(1360, 756)
rotation = 1.5708

[node name="Brick187" parent="." instance=ExtResource("4_x7405")]
position = Vector2(1360, 788)
rotation = 1.5708

[node name="Brick188" parent="." instance=ExtResource("4_x7405")]
position = Vector2(1360, 820)
rotation = 1.5708

[node name="Brick189" parent="." instance=ExtResource("4_x7405")]
position = Vector2(1328, 660)
rotation = 1.5708

[node name="Brick190" parent="." instance=ExtResource("4_x7405")]
position = Vector2(1328, 692)
rotation = 1.5708

[node name="Brick191" parent="." instance=ExtResource("4_x7405")]
position = Vector2(1328, 724)
rotation = 1.5708

[node name="Brick126" parent="." instance=ExtResource("4_x7405")]
position = Vector2(1200, 660)
rotation = 1.5708

[node name="Brick127" parent="." instance=ExtResource("4_x7405")]
position = Vector2(1200, 692)
rotation = 1.5708

[node name="Brick128" parent="." instance=ExtResource("4_x7405")]
position = Vector2(1200, 724)
rotation = 1.5708

[node name="Brick129" parent="." instance=ExtResource("4_x7405")]
position = Vector2(1072, 564)
rotation = 1.5708

[node name="Brick130" parent="." instance=ExtResource("4_x7405")]
position = Vector2(1072, 596)
rotation = 1.5708

[node name="Brick131" parent="." instance=ExtResource("4_x7405")]
position = Vector2(1072, 628)
rotation = 1.5708

[node name="Brick132" parent="." instance=ExtResource("4_x7405")]
position = Vector2(1168, 564)
rotation = 1.5708

[node name="Brick133" parent="." instance=ExtResource("4_x7405")]
position = Vector2(1168, 596)
rotation = 1.5708

[node name="Brick134" parent="." instance=ExtResource("4_x7405")]
position = Vector2(1168, 628)
rotation = 1.5708

[node name="Brick135" parent="." instance=ExtResource("4_x7405")]
position = Vector2(1040, 468)
rotation = 1.5708

[node name="Brick136" parent="." instance=ExtResource("4_x7405")]
position = Vector2(1040, 500)
rotation = 1.5708

[node name="Brick137" parent="." instance=ExtResource("4_x7405")]
position = Vector2(1040, 532)
rotation = 1.5708

[node name="Brick138" parent="." instance=ExtResource("4_x7405")]
position = Vector2(1136, 468)
rotation = 1.5708

[node name="Brick139" parent="." instance=ExtResource("4_x7405")]
position = Vector2(1136, 500)
rotation = 1.5708

[node name="Brick140" parent="." instance=ExtResource("4_x7405")]
position = Vector2(1136, 532)
rotation = 1.5708

[node name="Brick141" parent="." instance=ExtResource("4_x7405")]
position = Vector2(1072, 372)
rotation = 1.5708

[node name="Brick142" parent="." instance=ExtResource("4_x7405")]
position = Vector2(1072, 404)
rotation = 1.5708

[node name="Brick143" parent="." instance=ExtResource("4_x7405")]
position = Vector2(1072, 436)
rotation = 1.5708

[node name="Brick144" parent="." instance=ExtResource("4_x7405")]
position = Vector2(1168, 372)
rotation = 1.5708

[node name="Brick145" parent="." instance=ExtResource("4_x7405")]
position = Vector2(1168, 404)
rotation = 1.5708

[node name="Brick146" parent="." instance=ExtResource("4_x7405")]
position = Vector2(1168, 436)
rotation = 1.5708

[node name="Brick210" parent="." instance=ExtResource("4_x7405")]
position = Vector2(1296, 564)
rotation = 1.5708

[node name="Brick211" parent="." instance=ExtResource("4_x7405")]
position = Vector2(1296, 596)
rotation = 1.5708

[node name="Brick212" parent="." instance=ExtResource("4_x7405")]
position = Vector2(1296, 628)
rotation = 1.5708

[node name="Brick213" parent="." instance=ExtResource("4_x7405")]
position = Vector2(1264, 468)
rotation = 1.5708

[node name="Brick214" parent="." instance=ExtResource("4_x7405")]
position = Vector2(1264, 500)
rotation = 1.5708

[node name="Brick215" parent="." instance=ExtResource("4_x7405")]
position = Vector2(1264, 532)
rotation = 1.5708

[node name="Brick216" parent="." instance=ExtResource("4_x7405")]
position = Vector2(1296, 372)
rotation = 1.5708

[node name="Brick217" parent="." instance=ExtResource("4_x7405")]
position = Vector2(1296, 404)
rotation = 1.5708

[node name="Brick218" parent="." instance=ExtResource("4_x7405")]
position = Vector2(1296, 436)
rotation = 1.5708

[node name="Brick147" parent="." instance=ExtResource("4_x7405")]
position = Vector2(1104, 276)
rotation = 1.5708

[node name="Brick148" parent="." instance=ExtResource("4_x7405")]
position = Vector2(1104, 308)
rotation = 1.5708

[node name="Brick149" parent="." instance=ExtResource("4_x7405")]
position = Vector2(1104, 340)
rotation = 1.5708

[node name="Brick150" parent="." instance=ExtResource("4_x7405")]
position = Vector2(1200, 276)
rotation = 1.5708

[node name="Brick151" parent="." instance=ExtResource("4_x7405")]
position = Vector2(1200, 308)
rotation = 1.5708

[node name="Brick152" parent="." instance=ExtResource("4_x7405")]
position = Vector2(1200, 340)
rotation = 1.5708

[node name="Brick153" parent="." instance=ExtResource("4_x7405")]
position = Vector2(1136, 180)
rotation = 1.5708

[node name="Brick154" parent="." instance=ExtResource("4_x7405")]
position = Vector2(1136, 212)
rotation = 1.5708

[node name="Brick155" parent="." instance=ExtResource("4_x7405")]
position = Vector2(1136, 244)
rotation = 1.5708

[node name="Brick156" parent="." instance=ExtResource("4_x7405")]
position = Vector2(1232, 180)
rotation = 1.5708

[node name="Brick157" parent="." instance=ExtResource("4_x7405")]
position = Vector2(1232, 212)
rotation = 1.5708

[node name="Brick158" parent="." instance=ExtResource("4_x7405")]
position = Vector2(1232, 244)
rotation = 1.5708

[node name="Brick159" parent="." instance=ExtResource("4_x7405")]
position = Vector2(1168, 84)
rotation = 1.5708

[node name="Brick160" parent="." instance=ExtResource("4_x7405")]
position = Vector2(1168, 116)
rotation = 1.5708

[node name="Brick161" parent="." instance=ExtResource("4_x7405")]
position = Vector2(1168, 148)
rotation = 1.5708

[node name="Brick23" parent="." instance=ExtResource("4_x7405")]
position = Vector2(1328, 116)

[node name="Brick165" parent="." instance=ExtResource("4_x7405")]
position = Vector2(1328, 276)
rotation = 1.5708

[node name="Brick175" parent="." instance=ExtResource("4_x7405")]
position = Vector2(1328, 308)
rotation = 1.5708

[node name="Brick176" parent="." instance=ExtResource("4_x7405")]
position = Vector2(1328, 340)
rotation = 1.5708

[node name="Brick177" parent="." instance=ExtResource("4_x7405")]
position = Vector2(1360, 180)
rotation = 1.5708

[node name="Brick178" parent="." instance=ExtResource("4_x7405")]
position = Vector2(1360, 212)
rotation = 1.5708

[node name="Brick179" parent="." instance=ExtResource("4_x7405")]
position = Vector2(1360, 244)
rotation = 1.5708

[node name="Brick180" parent="." instance=ExtResource("4_x7405")]
position = Vector2(1392, 84)
rotation = 1.5708

[node name="Brick181" parent="." instance=ExtResource("4_x7405")]
position = Vector2(1392, 116)
rotation = 1.5708

[node name="Brick182" parent="." instance=ExtResource("4_x7405")]
position = Vector2(1392, 148)
rotation = 1.5708

[node name="Brick162" parent="." instance=ExtResource("4_x7405")]
position = Vector2(1264, 84)
rotation = 1.5708

[node name="Brick163" parent="." instance=ExtResource("4_x7405")]
position = Vector2(1264, 116)
rotation = 1.5708

[node name="Brick164" parent="." instance=ExtResource("4_x7405")]
position = Vector2(1264, 148)
rotation = 1.5708

[node name="Brick39" parent="." instance=ExtResource("4_x7405")]
position = Vector2(912, 84)
rotation = 1.5708

[node name="Brick40" parent="." instance=ExtResource("4_x7405")]
position = Vector2(912, 116)
rotation = 1.5708

[node name="Brick41" parent="." instance=ExtResource("4_x7405")]
position = Vector2(912, 148)
rotation = 1.5708

[node name="Brick42" parent="." instance=ExtResource("4_x7405")]
position = Vector2(1008, 84)
rotation = 1.5708

[node name="Brick43" parent="." instance=ExtResource("4_x7405")]
position = Vector2(1008, 116)
rotation = 1.5708

[node name="Brick44" parent="." instance=ExtResource("4_x7405")]
position = Vector2(1008, 148)
rotation = 1.5708

[node name="Brick45" parent="." instance=ExtResource("4_x7405")]
position = Vector2(912, 180)
rotation = 1.5708

[node name="Brick46" parent="." instance=ExtResource("4_x7405")]
position = Vector2(912, 212)
rotation = 1.5708

[node name="Brick47" parent="." instance=ExtResource("4_x7405")]
position = Vector2(912, 244)
rotation = 1.5708

[node name="Brick48" parent="." instance=ExtResource("4_x7405")]
position = Vector2(1008, 180)
rotation = 1.5708

[node name="Brick49" parent="." instance=ExtResource("4_x7405")]
position = Vector2(1008, 212)
rotation = 1.5708

[node name="Brick50" parent="." instance=ExtResource("4_x7405")]
position = Vector2(1008, 244)
rotation = 1.5708

[node name="Brick51" parent="." instance=ExtResource("4_x7405")]
position = Vector2(912, 756)
rotation = 1.5708

[node name="Brick52" parent="." instance=ExtResource("4_x7405")]
position = Vector2(912, 788)
rotation = 1.5708

[node name="Brick53" parent="." instance=ExtResource("4_x7405")]
position = Vector2(912, 820)
rotation = 1.5708

[node name="Brick54" parent="." instance=ExtResource("4_x7405")]
position = Vector2(1008, 756)
rotation = 1.5708

[node name="Brick55" parent="." instance=ExtResource("4_x7405")]
position = Vector2(1008, 788)
rotation = 1.5708

[node name="Brick56" parent="." instance=ExtResource("4_x7405")]
position = Vector2(1008, 820)
rotation = 1.5708

[node name="Brick57" parent="." instance=ExtResource("4_x7405")]
position = Vector2(912, 852)
rotation = 1.5708

[node name="Brick58" parent="." instance=ExtResource("4_x7405")]
position = Vector2(912, 884)
rotation = 1.5708

[node name="Brick59" parent="." instance=ExtResource("4_x7405")]
position = Vector2(912, 916)
rotation = 1.5708

[node name="Brick60" parent="." instance=ExtResource("4_x7405")]
position = Vector2(1008, 852)
rotation = 1.5708

[node name="Brick61" parent="." instance=ExtResource("4_x7405")]
position = Vector2(1008, 884)
rotation = 1.5708

[node name="Brick62" parent="." instance=ExtResource("4_x7405")]
position = Vector2(1008, 916)
rotation = 1.5708

[node name="Brick28" parent="." instance=ExtResource("4_x7405")]
position = Vector2(1296, 212)

[node name="Brick29" parent="." instance=ExtResource("4_x7405")]
position = Vector2(1232, 404)

[node name="Brick30" parent="." instance=ExtResource("4_x7405")]
position = Vector2(1232, 596)

[node name="Brick31" parent="." instance=ExtResource("4_x7405")]
position = Vector2(1296, 788)

[node name="Brick20" parent="." instance=ExtResource("4_x7405")]
position = Vector2(848, 884)

[node name="Brick4" parent="." instance=ExtResource("4_x7405")]
position = Vector2(944, 308)

[node name="Brick5" parent="." instance=ExtResource("4_x7405")]
position = Vector2(976, 308)

[node name="Brick6" parent="." instance=ExtResource("4_x7405")]
position = Vector2(1008, 308)

[node name="Brick7" parent="." instance=ExtResource("4_x7405")]
position = Vector2(912, 692)

[node name="Brick8" parent="." instance=ExtResource("4_x7405")]
position = Vector2(944, 692)

[node name="Brick11" parent="." instance=ExtResource("4_x7405")]
position = Vector2(944, 596)

[node name="Brick12" parent="." instance=ExtResource("4_x7405")]
position = Vector2(976, 596)

[node name="Brick9" parent="." instance=ExtResource("4_x7405")]
position = Vector2(976, 692)

[node name="Brick10" parent="." instance=ExtResource("4_x7405")]
position = Vector2(1008, 692)

[node name="GoldBrick" parent="." instance=ExtResource("5_0t0yw")]
position = Vector2(944, 500)

[node name="GoldBrick3" parent="." instance=ExtResource("5_0t0yw")]
position = Vector2(912, 404)

[node name="GoldBrick4" parent="." instance=ExtResource("5_0t0yw")]
position = Vector2(1008, 404)

[node name="GoldBrick5" parent="." instance=ExtResource("5_0t0yw")]
position = Vector2(1008, 596)

[node name="GoldBrick6" parent="." instance=ExtResource("5_0t0yw")]
position = Vector2(912, 596)

[node name="GoldBrick7" parent="." instance=ExtResource("5_0t0yw")]
position = Vector2(880, 308)

[node name="GoldBrick8" parent="." instance=ExtResource("5_0t0yw")]
position = Vector2(1040, 308)

[node name="GoldBrick9" parent="." instance=ExtResource("5_0t0yw")]
position = Vector2(1040, 692)

[node name="GoldBrick10" parent="." instance=ExtResource("5_0t0yw")]
position = Vector2(880, 692)

[node name="GoldBrick11" parent="." instance=ExtResource("5_0t0yw")]
position = Vector2(848, 788)

[node name="GoldBrick12" parent="." instance=ExtResource("5_0t0yw")]
position = Vector2(848, 212)

[node name="GoldBrick13" parent="." instance=ExtResource("5_0t0yw")]
position = Vector2(1072, 212)

[node name="GoldBrick14" parent="." instance=ExtResource("5_0t0yw")]
position = Vector2(1072, 788)

[node name="GoldBrick15" parent="." instance=ExtResource("5_0t0yw")]
position = Vector2(720, 500)

[node name="GoldBrick16" parent="." instance=ExtResource("5_0t0yw")]
position = Vector2(1200, 500)

[node name="GoldBrick2" parent="." instance=ExtResource("5_0t0yw")]
position = Vector2(976, 500)

[node name="GrowBrick" parent="." instance=ExtResource("6_mwg7b")]
position = Vector2(464, 116)

[node name="GrowBrick5" parent="." instance=ExtResource("6_mwg7b")]
position = Vector2(592, 500)

[node name="GrowBrick6" parent="." instance=ExtResource("6_mwg7b")]
position = Vector2(1328, 500)

[node name="GrowBrick2" parent="." instance=ExtResource("6_mwg7b")]
position = Vector2(464, 884)

[node name="GrowBrick3" parent="." instance=ExtResource("6_mwg7b")]
position = Vector2(1456, 116)

[node name="GrowBrick4" parent="." instance=ExtResource("6_mwg7b")]
position = Vector2(1456, 884)

[node name="ShrinkBrick" parent="." instance=ExtResource("7_hlcnv")]
position = Vector2(656, 308)

[node name="ShrinkBrick5" parent="." instance=ExtResource("7_hlcnv")]
position = Vector2(816, 116)

[node name="ShrinkBrick2" parent="." instance=ExtResource("7_hlcnv")]
position = Vector2(656, 692)

[node name="ShrinkBrick6" parent="." instance=ExtResource("7_hlcnv")]
position = Vector2(816, 884)

[node name="ShrinkBrick7" parent="." instance=ExtResource("7_hlcnv")]
position = Vector2(1104, 884)

[node name="ShrinkBrick8" parent="." instance=ExtResource("7_hlcnv")]
position = Vector2(1104, 116)

[node name="ShrinkBrick3" parent="." instance=ExtResource("7_hlcnv")]
position = Vector2(1264, 692)

[node name="ShrinkBrick4" parent="." instance=ExtResource("7_hlcnv")]
position = Vector2(1264, 308)

[connection signal="effect" from="Brick" to="." method="_on_effect"]
[connection signal="gold" from="Brick" to="." method="_on_gold"]
[connection signal="points" from="Brick" to="." method="_on_points"]
[connection signal="effect" from="Brick2" to="." method="_on_effect"]
[connection signal="gold" from="Brick2" to="." method="_on_gold"]
[connection signal="points" from="Brick2" to="." method="_on_points"]
[connection signal="effect" from="Brick3" to="." method="_on_effect"]
[connection signal="gold" from="Brick3" to="." method="_on_gold"]
[connection signal="points" from="Brick3" to="." method="_on_points"]
[connection signal="effect" from="Brick14" to="." method="_on_effect"]
[connection signal="gold" from="Brick14" to="." method="_on_gold"]
[connection signal="points" from="Brick14" to="." method="_on_points"]
[connection signal="effect" from="Brick15" to="." method="_on_effect"]
[connection signal="gold" from="Brick15" to="." method="_on_gold"]
[connection signal="points" from="Brick15" to="." method="_on_points"]
[connection signal="effect" from="Brick17" to="." method="_on_effect"]
[connection signal="gold" from="Brick17" to="." method="_on_gold"]
[connection signal="points" from="Brick17" to="." method="_on_points"]
[connection signal="effect" from="Brick21" to="." method="_on_effect"]
[connection signal="gold" from="Brick21" to="." method="_on_gold"]
[connection signal="points" from="Brick21" to="." method="_on_points"]
[connection signal="effect" from="Brick22" to="." method="_on_effect"]
[connection signal="gold" from="Brick22" to="." method="_on_gold"]
[connection signal="points" from="Brick22" to="." method="_on_points"]
[connection signal="effect" from="Brick24" to="." method="_on_effect"]
[connection signal="gold" from="Brick24" to="." method="_on_gold"]
[connection signal="points" from="Brick24" to="." method="_on_points"]
[connection signal="effect" from="Brick25" to="." method="_on_effect"]
[connection signal="gold" from="Brick25" to="." method="_on_gold"]
[connection signal="points" from="Brick25" to="." method="_on_points"]
[connection signal="effect" from="Brick26" to="." method="_on_effect"]
[connection signal="gold" from="Brick26" to="." method="_on_gold"]
[connection signal="points" from="Brick26" to="." method="_on_points"]
[connection signal="effect" from="Brick33" to="." method="_on_effect"]
[connection signal="gold" from="Brick33" to="." method="_on_gold"]
[connection signal="points" from="Brick33" to="." method="_on_points"]
[connection signal="effect" from="Brick34" to="." method="_on_effect"]
[connection signal="gold" from="Brick34" to="." method="_on_gold"]
[connection signal="points" from="Brick34" to="." method="_on_points"]
[connection signal="effect" from="Brick35" to="." method="_on_effect"]
[connection signal="gold" from="Brick35" to="." method="_on_gold"]
[connection signal="points" from="Brick35" to="." method="_on_points"]
[connection signal="effect" from="Brick36" to="." method="_on_effect"]
[connection signal="gold" from="Brick36" to="." method="_on_gold"]
[connection signal="points" from="Brick36" to="." method="_on_points"]
[connection signal="effect" from="Brick37" to="." method="_on_effect"]
[connection signal="gold" from="Brick37" to="." method="_on_gold"]
[connection signal="points" from="Brick37" to="." method="_on_points"]
[connection signal="effect" from="Brick38" to="." method="_on_effect"]
[connection signal="gold" from="Brick38" to="." method="_on_gold"]
[connection signal="points" from="Brick38" to="." method="_on_points"]
[connection signal="effect" from="Brick63" to="." method="_on_effect"]
[connection signal="gold" from="Brick63" to="." method="_on_gold"]
[connection signal="points" from="Brick63" to="." method="_on_points"]
[connection signal="effect" from="Brick64" to="." method="_on_effect"]
[connection signal="gold" from="Brick64" to="." method="_on_gold"]
[connection signal="points" from="Brick64" to="." method="_on_points"]
[connection signal="effect" from="Brick65" to="." method="_on_effect"]
[connection signal="gold" from="Brick65" to="." method="_on_gold"]
[connection signal="points" from="Brick65" to="." method="_on_points"]
[connection signal="effect" from="Brick66" to="." method="_on_effect"]
[connection signal="gold" from="Brick66" to="." method="_on_gold"]
[connection signal="points" from="Brick66" to="." method="_on_points"]
[connection signal="effect" from="Brick67" to="." method="_on_effect"]
[connection signal="gold" from="Brick67" to="." method="_on_gold"]
[connection signal="points" from="Brick67" to="." method="_on_points"]
[connection signal="effect" from="Brick68" to="." method="_on_effect"]
[connection signal="gold" from="Brick68" to="." method="_on_gold"]
[connection signal="points" from="Brick68" to="." method="_on_points"]
[connection signal="effect" from="Brick69" to="." method="_on_effect"]
[connection signal="gold" from="Brick69" to="." method="_on_gold"]
[connection signal="points" from="Brick69" to="." method="_on_points"]
[connection signal="effect" from="Brick70" to="." method="_on_effect"]
[connection signal="gold" from="Brick70" to="." method="_on_gold"]
[connection signal="points" from="Brick70" to="." method="_on_points"]
[connection signal="effect" from="Brick71" to="." method="_on_effect"]
[connection signal="gold" from="Brick71" to="." method="_on_gold"]
[connection signal="points" from="Brick71" to="." method="_on_points"]
[connection signal="effect" from="Brick72" to="." method="_on_effect"]
[connection signal="gold" from="Brick72" to="." method="_on_gold"]
[connection signal="points" from="Brick72" to="." method="_on_points"]
[connection signal="effect" from="Brick73" to="." method="_on_effect"]
[connection signal="gold" from="Brick73" to="." method="_on_gold"]
[connection signal="points" from="Brick73" to="." method="_on_points"]
[connection signal="effect" from="Brick74" to="." method="_on_effect"]
[connection signal="gold" from="Brick74" to="." method="_on_gold"]
[connection signal="points" from="Brick74" to="." method="_on_points"]
[connection signal="effect" from="Brick166" to="." method="_on_effect"]
[connection signal="gold" from="Brick166" to="." method="_on_gold"]
[connection signal="points" from="Brick166" to="." method="_on_points"]
[connection signal="effect" from="Brick167" to="." method="_on_effect"]
[connection signal="gold" from="Brick167" to="." method="_on_gold"]
[connection signal="points" from="Brick167" to="." method="_on_points"]
[connection signal="effect" from="Brick168" to="." method="_on_effect"]
[connection signal="gold" from="Brick168" to="." method="_on_gold"]
[connection signal="points" from="Brick168" to="." method="_on_points"]
[connection signal="effect" from="Brick169" to="." method="_on_effect"]
[connection signal="gold" from="Brick169" to="." method="_on_gold"]
[connection signal="points" from="Brick169" to="." method="_on_points"]
[connection signal="effect" from="Brick170" to="." method="_on_effect"]
[connection signal="gold" from="Brick170" to="." method="_on_gold"]
[connection signal="points" from="Brick170" to="." method="_on_points"]
[connection signal="effect" from="Brick171" to="." method="_on_effect"]
[connection signal="gold" from="Brick171" to="." method="_on_gold"]
[connection signal="points" from="Brick171" to="." method="_on_points"]
[connection signal="effect" from="Brick172" to="." method="_on_effect"]
[connection signal="gold" from="Brick172" to="." method="_on_gold"]
[connection signal="points" from="Brick172" to="." method="_on_points"]
[connection signal="effect" from="Brick173" to="." method="_on_effect"]
[connection signal="gold" from="Brick173" to="." method="_on_gold"]
[connection signal="points" from="Brick173" to="." method="_on_points"]
[connection signal="effect" from="Brick174" to="." method="_on_effect"]
[connection signal="gold" from="Brick174" to="." method="_on_gold"]
[connection signal="points" from="Brick174" to="." method="_on_points"]
[connection signal="effect" from="Brick75" to="." method="_on_effect"]
[connection signal="gold" from="Brick75" to="." method="_on_gold"]
[connection signal="points" from="Brick75" to="." method="_on_points"]
[connection signal="effect" from="Brick76" to="." method="_on_effect"]
[connection signal="gold" from="Brick76" to="." method="_on_gold"]
[connection signal="points" from="Brick76" to="." method="_on_points"]
[connection signal="effect" from="Brick77" to="." method="_on_effect"]
[connection signal="gold" from="Brick77" to="." method="_on_gold"]
[connection signal="points" from="Brick77" to="." method="_on_points"]
[connection signal="effect" from="Brick78" to="." method="_on_effect"]
[connection signal="gold" from="Brick78" to="." method="_on_gold"]
[connection signal="points" from="Brick78" to="." method="_on_points"]
[connection signal="effect" from="Brick79" to="." method="_on_effect"]
[connection signal="gold" from="Brick79" to="." method="_on_gold"]
[connection signal="points" from="Brick79" to="." method="_on_points"]
[connection signal="effect" from="Brick80" to="." method="_on_effect"]
[connection signal="gold" from="Brick80" to="." method="_on_gold"]
[connection signal="points" from="Brick80" to="." method="_on_points"]
[connection signal="effect" from="Brick81" to="." method="_on_effect"]
[connection signal="gold" from="Brick81" to="." method="_on_gold"]
[connection signal="points" from="Brick81" to="." method="_on_points"]
[connection signal="effect" from="Brick82" to="." method="_on_effect"]
[connection signal="gold" from="Brick82" to="." method="_on_gold"]
[connection signal="points" from="Brick82" to="." method="_on_points"]
[connection signal="effect" from="Brick83" to="." method="_on_effect"]
[connection signal="gold" from="Brick83" to="." method="_on_gold"]
[connection signal="points" from="Brick83" to="." method="_on_points"]
[connection signal="effect" from="Brick84" to="." method="_on_effect"]
[connection signal="gold" from="Brick84" to="." method="_on_gold"]
[connection signal="points" from="Brick84" to="." method="_on_points"]
[connection signal="effect" from="Brick85" to="." method="_on_effect"]
[connection signal="gold" from="Brick85" to="." method="_on_gold"]
[connection signal="points" from="Brick85" to="." method="_on_points"]
[connection signal="effect" from="Brick86" to="." method="_on_effect"]
[connection signal="gold" from="Brick86" to="." method="_on_gold"]
[connection signal="points" from="Brick86" to="." method="_on_points"]
[connection signal="effect" from="Brick87" to="." method="_on_effect"]
[connection signal="gold" from="Brick87" to="." method="_on_gold"]
[connection signal="points" from="Brick87" to="." method="_on_points"]
[connection signal="effect" from="Brick88" to="." method="_on_effect"]
[connection signal="gold" from="Brick88" to="." method="_on_gold"]
[connection signal="points" from="Brick88" to="." method="_on_points"]
[connection signal="effect" from="Brick89" to="." method="_on_effect"]
[connection signal="gold" from="Brick89" to="." method="_on_gold"]
[connection signal="points" from="Brick89" to="." method="_on_points"]
[connection signal="effect" from="Brick201" to="." method="_on_effect"]
[connection signal="gold" from="Brick201" to="." method="_on_gold"]
[connection signal="points" from="Brick201" to="." method="_on_points"]
[connection signal="effect" from="Brick202" to="." method="_on_effect"]
[connection signal="gold" from="Brick202" to="." method="_on_gold"]
[connection signal="points" from="Brick202" to="." method="_on_points"]
[connection signal="effect" from="Brick203" to="." method="_on_effect"]
[connection signal="gold" from="Brick203" to="." method="_on_gold"]
[connection signal="points" from="Brick203" to="." method="_on_points"]
[connection signal="effect" from="Brick204" to="." method="_on_effect"]
[connection signal="gold" from="Brick204" to="." method="_on_gold"]
[connection signal="points" from="Brick204" to="." method="_on_points"]
[connection signal="effect" from="Brick205" to="." method="_on_effect"]
[connection signal="gold" from="Brick205" to="." method="_on_gold"]
[connection signal="points" from="Brick205" to="." method="_on_points"]
[connection signal="effect" from="Brick206" to="." method="_on_effect"]
[connection signal="gold" from="Brick206" to="." method="_on_gold"]
[connection signal="points" from="Brick206" to="." method="_on_points"]
[connection signal="effect" from="Brick207" to="." method="_on_effect"]
[connection signal="gold" from="Brick207" to="." method="_on_gold"]
[connection signal="points" from="Brick207" to="." method="_on_points"]
[connection signal="effect" from="Brick208" to="." method="_on_effect"]
[connection signal="gold" from="Brick208" to="." method="_on_gold"]
[connection signal="points" from="Brick208" to="." method="_on_points"]
[connection signal="effect" from="Brick209" to="." method="_on_effect"]
[connection signal="gold" from="Brick209" to="." method="_on_gold"]
[connection signal="points" from="Brick209" to="." method="_on_points"]
[connection signal="effect" from="Brick90" to="." method="_on_effect"]
[connection signal="gold" from="Brick90" to="." method="_on_gold"]
[connection signal="points" from="Brick90" to="." method="_on_points"]
[connection signal="effect" from="Brick91" to="." method="_on_effect"]
[connection signal="gold" from="Brick91" to="." method="_on_gold"]
[connection signal="points" from="Brick91" to="." method="_on_points"]
[connection signal="effect" from="Brick92" to="." method="_on_effect"]
[connection signal="gold" from="Brick92" to="." method="_on_gold"]
[connection signal="points" from="Brick92" to="." method="_on_points"]
[connection signal="effect" from="Brick93" to="." method="_on_effect"]
[connection signal="gold" from="Brick93" to="." method="_on_gold"]
[connection signal="points" from="Brick93" to="." method="_on_points"]
[connection signal="effect" from="Brick94" to="." method="_on_effect"]
[connection signal="gold" from="Brick94" to="." method="_on_gold"]
[connection signal="points" from="Brick94" to="." method="_on_points"]
[connection signal="effect" from="Brick95" to="." method="_on_effect"]
[connection signal="gold" from="Brick95" to="." method="_on_gold"]
[connection signal="points" from="Brick95" to="." method="_on_points"]
[connection signal="effect" from="Brick96" to="." method="_on_effect"]
[connection signal="gold" from="Brick96" to="." method="_on_gold"]
[connection signal="points" from="Brick96" to="." method="_on_points"]
[connection signal="effect" from="Brick97" to="." method="_on_effect"]
[connection signal="gold" from="Brick97" to="." method="_on_gold"]
[connection signal="points" from="Brick97" to="." method="_on_points"]
[connection signal="effect" from="Brick98" to="." method="_on_effect"]
[connection signal="gold" from="Brick98" to="." method="_on_gold"]
[connection signal="points" from="Brick98" to="." method="_on_points"]
[connection signal="effect" from="Brick99" to="." method="_on_effect"]
[connection signal="gold" from="Brick99" to="." method="_on_gold"]
[connection signal="points" from="Brick99" to="." method="_on_points"]
[connection signal="effect" from="Brick100" to="." method="_on_effect"]
[connection signal="gold" from="Brick100" to="." method="_on_gold"]
[connection signal="points" from="Brick100" to="." method="_on_points"]
[connection signal="effect" from="Brick101" to="." method="_on_effect"]
[connection signal="gold" from="Brick101" to="." method="_on_gold"]
[connection signal="points" from="Brick101" to="." method="_on_points"]
[connection signal="effect" from="Brick102" to="." method="_on_effect"]
[connection signal="gold" from="Brick102" to="." method="_on_gold"]
[connection signal="points" from="Brick102" to="." method="_on_points"]
[connection signal="effect" from="Brick103" to="." method="_on_effect"]
[connection signal="gold" from="Brick103" to="." method="_on_gold"]
[connection signal="points" from="Brick103" to="." method="_on_points"]
[connection signal="effect" from="Brick104" to="." method="_on_effect"]
[connection signal="gold" from="Brick104" to="." method="_on_gold"]
[connection signal="points" from="Brick104" to="." method="_on_points"]
[connection signal="effect" from="Brick105" to="." method="_on_effect"]
[connection signal="gold" from="Brick105" to="." method="_on_gold"]
[connection signal="points" from="Brick105" to="." method="_on_points"]
[connection signal="effect" from="Brick106" to="." method="_on_effect"]
[connection signal="gold" from="Brick106" to="." method="_on_gold"]
[connection signal="points" from="Brick106" to="." method="_on_points"]
[connection signal="effect" from="Brick107" to="." method="_on_effect"]
[connection signal="gold" from="Brick107" to="." method="_on_gold"]
[connection signal="points" from="Brick107" to="." method="_on_points"]
[connection signal="effect" from="Brick108" to="." method="_on_effect"]
[connection signal="gold" from="Brick108" to="." method="_on_gold"]
[connection signal="points" from="Brick108" to="." method="_on_points"]
[connection signal="effect" from="Brick109" to="." method="_on_effect"]
[connection signal="gold" from="Brick109" to="." method="_on_gold"]
[connection signal="points" from="Brick109" to="." method="_on_points"]
[connection signal="effect" from="Brick110" to="." method="_on_effect"]
[connection signal="gold" from="Brick110" to="." method="_on_gold"]
[connection signal="points" from="Brick110" to="." method="_on_points"]
[connection signal="effect" from="Brick32" to="." method="_on_effect"]
[connection signal="gold" from="Brick32" to="." method="_on_gold"]
[connection signal="points" from="Brick32" to="." method="_on_points"]
[connection signal="effect" from="Brick219" to="." method="_on_effect"]
[connection signal="gold" from="Brick219" to="." method="_on_gold"]
[connection signal="points" from="Brick219" to="." method="_on_points"]
[connection signal="effect" from="Brick220" to="." method="_on_effect"]
[connection signal="gold" from="Brick220" to="." method="_on_gold"]
[connection signal="points" from="Brick220" to="." method="_on_points"]
[connection signal="effect" from="Brick221" to="." method="_on_effect"]
[connection signal="gold" from="Brick221" to="." method="_on_gold"]
[connection signal="points" from="Brick221" to="." method="_on_points"]
[connection signal="effect" from="Brick223" to="." method="_on_effect"]
[connection signal="gold" from="Brick223" to="." method="_on_gold"]
[connection signal="points" from="Brick223" to="." method="_on_points"]
[connection signal="effect" from="Brick224" to="." method="_on_effect"]
[connection signal="gold" from="Brick224" to="." method="_on_gold"]
[connection signal="points" from="Brick224" to="." method="_on_points"]
[connection signal="effect" from="Brick225" to="." method="_on_effect"]
[connection signal="gold" from="Brick225" to="." method="_on_gold"]
[connection signal="points" from="Brick225" to="." method="_on_points"]
[connection signal="effect" from="Brick226" to="." method="_on_effect"]
[connection signal="gold" from="Brick226" to="." method="_on_gold"]
[connection signal="points" from="Brick226" to="." method="_on_points"]
[connection signal="effect" from="Brick227" to="." method="_on_effect"]
[connection signal="gold" from="Brick227" to="." method="_on_gold"]
[connection signal="points" from="Brick227" to="." method="_on_points"]
[connection signal="effect" from="Brick228" to="." method="_on_effect"]
[connection signal="gold" from="Brick228" to="." method="_on_gold"]
[connection signal="points" from="Brick228" to="." method="_on_points"]
[connection signal="effect" from="Brick230" to="." method="_on_effect"]
[connection signal="gold" from="Brick230" to="." method="_on_gold"]
[connection signal="points" from="Brick230" to="." method="_on_points"]
[connection signal="effect" from="Brick231" to="." method="_on_effect"]
[connection signal="gold" from="Brick231" to="." method="_on_gold"]
[connection signal="points" from="Brick231" to="." method="_on_points"]
[connection signal="effect" from="Brick232" to="." method="_on_effect"]
[connection signal="gold" from="Brick232" to="." method="_on_gold"]
[connection signal="points" from="Brick232" to="." method="_on_points"]
[connection signal="effect" from="Brick192" to="." method="_on_effect"]
[connection signal="gold" from="Brick192" to="." method="_on_gold"]
[connection signal="points" from="Brick192" to="." method="_on_points"]
[connection signal="effect" from="Brick193" to="." method="_on_effect"]
[connection signal="gold" from="Brick193" to="." method="_on_gold"]
[connection signal="points" from="Brick193" to="." method="_on_points"]
[connection signal="effect" from="Brick194" to="." method="_on_effect"]
[connection signal="gold" from="Brick194" to="." method="_on_gold"]
[connection signal="points" from="Brick194" to="." method="_on_points"]
[connection signal="effect" from="Brick195" to="." method="_on_effect"]
[connection signal="gold" from="Brick195" to="." method="_on_gold"]
[connection signal="points" from="Brick195" to="." method="_on_points"]
[connection signal="effect" from="Brick196" to="." method="_on_effect"]
[connection signal="gold" from="Brick196" to="." method="_on_gold"]
[connection signal="points" from="Brick196" to="." method="_on_points"]
[connection signal="effect" from="Brick197" to="." method="_on_effect"]
[connection signal="gold" from="Brick197" to="." method="_on_gold"]
[connection signal="points" from="Brick197" to="." method="_on_points"]
[connection signal="effect" from="Brick198" to="." method="_on_effect"]
[connection signal="gold" from="Brick198" to="." method="_on_gold"]
[connection signal="points" from="Brick198" to="." method="_on_points"]
[connection signal="effect" from="Brick199" to="." method="_on_effect"]
[connection signal="gold" from="Brick199" to="." method="_on_gold"]
[connection signal="points" from="Brick199" to="." method="_on_points"]
[connection signal="effect" from="Brick200" to="." method="_on_effect"]
[connection signal="gold" from="Brick200" to="." method="_on_gold"]
[connection signal="points" from="Brick200" to="." method="_on_points"]
[connection signal="effect" from="Brick111" to="." method="_on_effect"]
[connection signal="gold" from="Brick111" to="." method="_on_gold"]
[connection signal="points" from="Brick111" to="." method="_on_points"]
[connection signal="effect" from="Brick112" to="." method="_on_effect"]
[connection signal="gold" from="Brick112" to="." method="_on_gold"]
[connection signal="points" from="Brick112" to="." method="_on_points"]
[connection signal="effect" from="Brick113" to="." method="_on_effect"]
[connection signal="gold" from="Brick113" to="." method="_on_gold"]
[connection signal="points" from="Brick113" to="." method="_on_points"]
[connection signal="effect" from="Brick114" to="." method="_on_effect"]
[connection signal="gold" from="Brick114" to="." method="_on_gold"]
[connection signal="points" from="Brick114" to="." method="_on_points"]
[connection signal="effect" from="Brick115" to="." method="_on_effect"]
[connection signal="gold" from="Brick115" to="." method="_on_gold"]
[connection signal="points" from="Brick115" to="." method="_on_points"]
[connection signal="effect" from="Brick116" to="." method="_on_effect"]
[connection signal="gold" from="Brick116" to="." method="_on_gold"]
[connection signal="points" from="Brick116" to="." method="_on_points"]
[connection signal="effect" from="Brick117" to="." method="_on_effect"]
[connection signal="gold" from="Brick117" to="." method="_on_gold"]
[connection signal="points" from="Brick117" to="." method="_on_points"]
[connection signal="effect" from="Brick118" to="." method="_on_effect"]
[connection signal="gold" from="Brick118" to="." method="_on_gold"]
[connection signal="points" from="Brick118" to="." method="_on_points"]
[connection signal="effect" from="Brick119" to="." method="_on_effect"]
[connection signal="gold" from="Brick119" to="." method="_on_gold"]
[connection signal="points" from="Brick119" to="." method="_on_points"]
[connection signal="effect" from="Brick120" to="." method="_on_effect"]
[connection signal="gold" from="Brick120" to="." method="_on_gold"]
[connection signal="points" from="Brick120" to="." method="_on_points"]
[connection signal="effect" from="Brick121" to="." method="_on_effect"]
[connection signal="gold" from="Brick121" to="." method="_on_gold"]
[connection signal="points" from="Brick121" to="." method="_on_points"]
[connection signal="effect" from="Brick122" to="." method="_on_effect"]
[connection signal="gold" from="Brick122" to="." method="_on_gold"]
[connection signal="points" from="Brick122" to="." method="_on_points"]
[connection signal="effect" from="Brick123" to="." method="_on_effect"]
[connection signal="gold" from="Brick123" to="." method="_on_gold"]
[connection signal="points" from="Brick123" to="." method="_on_points"]
[connection signal="effect" from="Brick124" to="." method="_on_effect"]
[connection signal="gold" from="Brick124" to="." method="_on_gold"]
[connection signal="points" from="Brick124" to="." method="_on_points"]
[connection signal="effect" from="Brick125" to="." method="_on_effect"]
[connection signal="gold" from="Brick125" to="." method="_on_gold"]
[connection signal="points" from="Brick125" to="." method="_on_points"]
[connection signal="effect" from="Brick27" to="." method="_on_effect"]
[connection signal="gold" from="Brick27" to="." method="_on_gold"]
[connection signal="points" from="Brick27" to="." method="_on_points"]
[connection signal="effect" from="Brick183" to="." method="_on_effect"]
[connection signal="gold" from="Brick183" to="." method="_on_gold"]
[connection signal="points" from="Brick183" to="." method="_on_points"]
[connection signal="effect" from="Brick184" to="." method="_on_effect"]
[connection signal="gold" from="Brick184" to="." method="_on_gold"]
[connection signal="points" from="Brick184" to="." method="_on_points"]
[connection signal="effect" from="Brick185" to="." method="_on_effect"]
[connection signal="gold" from="Brick185" to="." method="_on_gold"]
[connection signal="points" from="Brick185" to="." method="_on_points"]
[connection signal="effect" from="Brick186" to="." method="_on_effect"]
[connection signal="gold" from="Brick186" to="." method="_on_gold"]
[connection signal="points" from="Brick186" to="." method="_on_points"]
[connection signal="effect" from="Brick187" to="." method="_on_effect"]
[connection signal="gold" from="Brick187" to="." method="_on_gold"]
[connection signal="points" from="Brick187" to="." method="_on_points"]
[connection signal="effect" from="Brick188" to="." method="_on_effect"]
[connection signal="gold" from="Brick188" to="." method="_on_gold"]
[connection signal="points" from="Brick188" to="." method="_on_points"]
[connection signal="effect" from="Brick189" to="." method="_on_effect"]
[connection signal="gold" from="Brick189" to="." method="_on_gold"]
[connection signal="points" from="Brick189" to="." method="_on_points"]
[connection signal="effect" from="Brick190" to="." method="_on_effect"]
[connection signal="gold" from="Brick190" to="." method="_on_gold"]
[connection signal="points" from="Brick190" to="." method="_on_points"]
[connection signal="effect" from="Brick191" to="." method="_on_effect"]
[connection signal="gold" from="Brick191" to="." method="_on_gold"]
[connection signal="points" from="Brick191" to="." method="_on_points"]
[connection signal="effect" from="Brick126" to="." method="_on_effect"]
[connection signal="gold" from="Brick126" to="." method="_on_gold"]
[connection signal="points" from="Brick126" to="." method="_on_points"]
[connection signal="effect" from="Brick127" to="." method="_on_effect"]
[connection signal="gold" from="Brick127" to="." method="_on_gold"]
[connection signal="points" from="Brick127" to="." method="_on_points"]
[connection signal="effect" from="Brick128" to="." method="_on_effect"]
[connection signal="gold" from="Brick128" to="." method="_on_gold"]
[connection signal="points" from="Brick128" to="." method="_on_points"]
[connection signal="effect" from="Brick129" to="." method="_on_effect"]
[connection signal="gold" from="Brick129" to="." method="_on_gold"]
[connection signal="points" from="Brick129" to="." method="_on_points"]
[connection signal="effect" from="Brick130" to="." method="_on_effect"]
[connection signal="gold" from="Brick130" to="." method="_on_gold"]
[connection signal="points" from="Brick130" to="." method="_on_points"]
[connection signal="effect" from="Brick131" to="." method="_on_effect"]
[connection signal="gold" from="Brick131" to="." method="_on_gold"]
[connection signal="points" from="Brick131" to="." method="_on_points"]
[connection signal="effect" from="Brick132" to="." method="_on_effect"]
[connection signal="gold" from="Brick132" to="." method="_on_gold"]
[connection signal="points" from="Brick132" to="." method="_on_points"]
[connection signal="effect" from="Brick133" to="." method="_on_effect"]
[connection signal="gold" from="Brick133" to="." method="_on_gold"]
[connection signal="points" from="Brick133" to="." method="_on_points"]
[connection signal="effect" from="Brick134" to="." method="_on_effect"]
[connection signal="gold" from="Brick134" to="." method="_on_gold"]
[connection signal="points" from="Brick134" to="." method="_on_points"]
[connection signal="effect" from="Brick135" to="." method="_on_effect"]
[connection signal="gold" from="Brick135" to="." method="_on_gold"]
[connection signal="points" from="Brick135" to="." method="_on_points"]
[connection signal="effect" from="Brick136" to="." method="_on_effect"]
[connection signal="gold" from="Brick136" to="." method="_on_gold"]
[connection signal="points" from="Brick136" to="." method="_on_points"]
[connection signal="effect" from="Brick137" to="." method="_on_effect"]
[connection signal="gold" from="Brick137" to="." method="_on_gold"]
[connection signal="points" from="Brick137" to="." method="_on_points"]
[connection signal="effect" from="Brick138" to="." method="_on_effect"]
[connection signal="gold" from="Brick138" to="." method="_on_gold"]
[connection signal="points" from="Brick138" to="." method="_on_points"]
[connection signal="effect" from="Brick139" to="." method="_on_effect"]
[connection signal="gold" from="Brick139" to="." method="_on_gold"]
[connection signal="points" from="Brick139" to="." method="_on_points"]
[connection signal="effect" from="Brick140" to="." method="_on_effect"]
[connection signal="gold" from="Brick140" to="." method="_on_gold"]
[connection signal="points" from="Brick140" to="." method="_on_points"]
[connection signal="effect" from="Brick141" to="." method="_on_effect"]
[connection signal="gold" from="Brick141" to="." method="_on_gold"]
[connection signal="points" from="Brick141" to="." method="_on_points"]
[connection signal="effect" from="Brick142" to="." method="_on_effect"]
[connection signal="gold" from="Brick142" to="." method="_on_gold"]
[connection signal="points" from="Brick142" to="." method="_on_points"]
[connection signal="effect" from="Brick143" to="." method="_on_effect"]
[connection signal="gold" from="Brick143" to="." method="_on_gold"]
[connection signal="points" from="Brick143" to="." method="_on_points"]
[connection signal="effect" from="Brick144" to="." method="_on_effect"]
[connection signal="gold" from="Brick144" to="." method="_on_gold"]
[connection signal="points" from="Brick144" to="." method="_on_points"]
[connection signal="effect" from="Brick145" to="." method="_on_effect"]
[connection signal="gold" from="Brick145" to="." method="_on_gold"]
[connection signal="points" from="Brick145" to="." method="_on_points"]
[connection signal="effect" from="Brick146" to="." method="_on_effect"]
[connection signal="gold" from="Brick146" to="." method="_on_gold"]
[connection signal="points" from="Brick146" to="." method="_on_points"]
[connection signal="effect" from="Brick210" to="." method="_on_effect"]
[connection signal="gold" from="Brick210" to="." method="_on_gold"]
[connection signal="points" from="Brick210" to="." method="_on_points"]
[connection signal="effect" from="Brick211" to="." method="_on_effect"]
[connection signal="gold" from="Brick211" to="." method="_on_gold"]
[connection signal="points" from="Brick211" to="." method="_on_points"]
[connection signal="effect" from="Brick212" to="." method="_on_effect"]
[connection signal="gold" from="Brick212" to="." method="_on_gold"]
[connection signal="points" from="Brick212" to="." method="_on_points"]
[connection signal="effect" from="Brick213" to="." method="_on_effect"]
[connection signal="gold" from="Brick213" to="." method="_on_gold"]
[connection signal="points" from="Brick213" to="." method="_on_points"]
[connection signal="effect" from="Brick214" to="." method="_on_effect"]
[connection signal="gold" from="Brick214" to="." method="_on_gold"]
[connection signal="points" from="Brick214" to="." method="_on_points"]
[connection signal="effect" from="Brick215" to="." method="_on_effect"]
[connection signal="gold" from="Brick215" to="." method="_on_gold"]
[connection signal="points" from="Brick215" to="." method="_on_points"]
[connection signal="effect" from="Brick216" to="." method="_on_effect"]
[connection signal="gold" from="Brick216" to="." method="_on_gold"]
[connection signal="points" from="Brick216" to="." method="_on_points"]
[connection signal="effect" from="Brick217" to="." method="_on_effect"]
[connection signal="gold" from="Brick217" to="." method="_on_gold"]
[connection signal="points" from="Brick217" to="." method="_on_points"]
[connection signal="effect" from="Brick218" to="." method="_on_effect"]
[connection signal="gold" from="Brick218" to="." method="_on_gold"]
[connection signal="points" from="Brick218" to="." method="_on_points"]
[connection signal="effect" from="Brick147" to="." method="_on_effect"]
[connection signal="gold" from="Brick147" to="." method="_on_gold"]
[connection signal="points" from="Brick147" to="." method="_on_points"]
[connection signal="effect" from="Brick148" to="." method="_on_effect"]
[connection signal="gold" from="Brick148" to="." method="_on_gold"]
[connection signal="points" from="Brick148" to="." method="_on_points"]
[connection signal="effect" from="Brick149" to="." method="_on_effect"]
[connection signal="gold" from="Brick149" to="." method="_on_gold"]
[connection signal="points" from="Brick149" to="." method="_on_points"]
[connection signal="effect" from="Brick150" to="." method="_on_effect"]
[connection signal="gold" from="Brick150" to="." method="_on_gold"]
[connection signal="points" from="Brick150" to="." method="_on_points"]
[connection signal="effect" from="Brick151" to="." method="_on_effect"]
[connection signal="gold" from="Brick151" to="." method="_on_gold"]
[connection signal="points" from="Brick151" to="." method="_on_points"]
[connection signal="effect" from="Brick152" to="." method="_on_effect"]
[connection signal="gold" from="Brick152" to="." method="_on_gold"]
[connection signal="points" from="Brick152" to="." method="_on_points"]
[connection signal="effect" from="Brick153" to="." method="_on_effect"]
[connection signal="gold" from="Brick153" to="." method="_on_gold"]
[connection signal="points" from="Brick153" to="." method="_on_points"]
[connection signal="effect" from="Brick154" to="." method="_on_effect"]
[connection signal="gold" from="Brick154" to="." method="_on_gold"]
[connection signal="points" from="Brick154" to="." method="_on_points"]
[connection signal="effect" from="Brick155" to="." method="_on_effect"]
[connection signal="gold" from="Brick155" to="." method="_on_gold"]
[connection signal="points" from="Brick155" to="." method="_on_points"]
[connection signal="effect" from="Brick156" to="." method="_on_effect"]
[connection signal="gold" from="Brick156" to="." method="_on_gold"]
[connection signal="points" from="Brick156" to="." method="_on_points"]
[connection signal="effect" from="Brick157" to="." method="_on_effect"]
[connection signal="gold" from="Brick157" to="." method="_on_gold"]
[connection signal="points" from="Brick157" to="." method="_on_points"]
[connection signal="effect" from="Brick158" to="." method="_on_effect"]
[connection signal="gold" from="Brick158" to="." method="_on_gold"]
[connection signal="points" from="Brick158" to="." method="_on_points"]
[connection signal="effect" from="Brick159" to="." method="_on_effect"]
[connection signal="gold" from="Brick159" to="." method="_on_gold"]
[connection signal="points" from="Brick159" to="." method="_on_points"]
[connection signal="effect" from="Brick160" to="." method="_on_effect"]
[connection signal="gold" from="Brick160" to="." method="_on_gold"]
[connection signal="points" from="Brick160" to="." method="_on_points"]
[connection signal="effect" from="Brick161" to="." method="_on_effect"]
[connection signal="gold" from="Brick161" to="." method="_on_gold"]
[connection signal="points" from="Brick161" to="." method="_on_points"]
[connection signal="effect" from="Brick23" to="." method="_on_effect"]
[connection signal="gold" from="Brick23" to="." method="_on_gold"]
[connection signal="points" from="Brick23" to="." method="_on_points"]
[connection signal="effect" from="Brick165" to="." method="_on_effect"]
[connection signal="gold" from="Brick165" to="." method="_on_gold"]
[connection signal="points" from="Brick165" to="." method="_on_points"]
[connection signal="effect" from="Brick175" to="." method="_on_effect"]
[connection signal="gold" from="Brick175" to="." method="_on_gold"]
[connection signal="points" from="Brick175" to="." method="_on_points"]
[connection signal="effect" from="Brick176" to="." method="_on_effect"]
[connection signal="gold" from="Brick176" to="." method="_on_gold"]
[connection signal="points" from="Brick176" to="." method="_on_points"]
[connection signal="effect" from="Brick177" to="." method="_on_effect"]
[connection signal="gold" from="Brick177" to="." method="_on_gold"]
[connection signal="points" from="Brick177" to="." method="_on_points"]
[connection signal="effect" from="Brick178" to="." method="_on_effect"]
[connection signal="gold" from="Brick178" to="." method="_on_gold"]
[connection signal="points" from="Brick178" to="." method="_on_points"]
[connection signal="effect" from="Brick179" to="." method="_on_effect"]
[connection signal="gold" from="Brick179" to="." method="_on_gold"]
[connection signal="points" from="Brick179" to="." method="_on_points"]
[connection signal="effect" from="Brick180" to="." method="_on_effect"]
[connection signal="gold" from="Brick180" to="." method="_on_gold"]
[connection signal="points" from="Brick180" to="." method="_on_points"]
[connection signal="effect" from="Brick181" to="." method="_on_effect"]
[connection signal="gold" from="Brick181" to="." method="_on_gold"]
[connection signal="points" from="Brick181" to="." method="_on_points"]
[connection signal="effect" from="Brick182" to="." method="_on_effect"]
[connection signal="gold" from="Brick182" to="." method="_on_gold"]
[connection signal="points" from="Brick182" to="." method="_on_points"]
[connection signal="effect" from="Brick162" to="." method="_on_effect"]
[connection signal="gold" from="Brick162" to="." method="_on_gold"]
[connection signal="points" from="Brick162" to="." method="_on_points"]
[connection signal="effect" from="Brick163" to="." method="_on_effect"]
[connection signal="gold" from="Brick163" to="." method="_on_gold"]
[connection signal="points" from="Brick163" to="." method="_on_points"]
[connection signal="effect" from="Brick164" to="." method="_on_effect"]
[connection signal="gold" from="Brick164" to="." method="_on_gold"]
[connection signal="points" from="Brick164" to="." method="_on_points"]
[connection signal="effect" from="Brick39" to="." method="_on_effect"]
[connection signal="gold" from="Brick39" to="." method="_on_gold"]
[connection signal="points" from="Brick39" to="." method="_on_points"]
[connection signal="effect" from="Brick40" to="." method="_on_effect"]
[connection signal="gold" from="Brick40" to="." method="_on_gold"]
[connection signal="points" from="Brick40" to="." method="_on_points"]
[connection signal="effect" from="Brick41" to="." method="_on_effect"]
[connection signal="gold" from="Brick41" to="." method="_on_gold"]
[connection signal="points" from="Brick41" to="." method="_on_points"]
[connection signal="effect" from="Brick42" to="." method="_on_effect"]
[connection signal="gold" from="Brick42" to="." method="_on_gold"]
[connection signal="points" from="Brick42" to="." method="_on_points"]
[connection signal="effect" from="Brick43" to="." method="_on_effect"]
[connection signal="gold" from="Brick43" to="." method="_on_gold"]
[connection signal="points" from="Brick43" to="." method="_on_points"]
[connection signal="effect" from="Brick44" to="." method="_on_effect"]
[connection signal="gold" from="Brick44" to="." method="_on_gold"]
[connection signal="points" from="Brick44" to="." method="_on_points"]
[connection signal="effect" from="Brick45" to="." method="_on_effect"]
[connection signal="gold" from="Brick45" to="." method="_on_gold"]
[connection signal="points" from="Brick45" to="." method="_on_points"]
[connection signal="effect" from="Brick46" to="." method="_on_effect"]
[connection signal="gold" from="Brick46" to="." method="_on_gold"]
[connection signal="points" from="Brick46" to="." method="_on_points"]
[connection signal="effect" from="Brick47" to="." method="_on_effect"]
[connection signal="gold" from="Brick47" to="." method="_on_gold"]
[connection signal="points" from="Brick47" to="." method="_on_points"]
[connection signal="effect" from="Brick48" to="." method="_on_effect"]
[connection signal="gold" from="Brick48" to="." method="_on_gold"]
[connection signal="points" from="Brick48" to="." method="_on_points"]
[connection signal="effect" from="Brick49" to="." method="_on_effect"]
[connection signal="gold" from="Brick49" to="." method="_on_gold"]
[connection signal="points" from="Brick49" to="." method="_on_points"]
[connection signal="effect" from="Brick50" to="." method="_on_effect"]
[connection signal="gold" from="Brick50" to="." method="_on_gold"]
[connection signal="points" from="Brick50" to="." method="_on_points"]
[connection signal="effect" from="Brick51" to="." method="_on_effect"]
[connection signal="gold" from="Brick51" to="." method="_on_gold"]
[connection signal="points" from="Brick51" to="." method="_on_points"]
[connection signal="effect" from="Brick52" to="." method="_on_effect"]
[connection signal="gold" from="Brick52" to="." method="_on_gold"]
[connection signal="points" from="Brick52" to="." method="_on_points"]
[connection signal="effect" from="Brick53" to="." method="_on_effect"]
[connection signal="gold" from="Brick53" to="." method="_on_gold"]
[connection signal="points" from="Brick53" to="." method="_on_points"]
[connection signal="effect" from="Brick54" to="." method="_on_effect"]
[connection signal="gold" from="Brick54" to="." method="_on_gold"]
[connection signal="points" from="Brick54" to="." method="_on_points"]
[connection signal="effect" from="Brick55" to="." method="_on_effect"]
[connection signal="gold" from="Brick55" to="." method="_on_gold"]
[connection signal="points" from="Brick55" to="." method="_on_points"]
[connection signal="effect" from="Brick56" to="." method="_on_effect"]
[connection signal="gold" from="Brick56" to="." method="_on_gold"]
[connection signal="points" from="Brick56" to="." method="_on_points"]
[connection signal="effect" from="Brick57" to="." method="_on_effect"]
[connection signal="gold" from="Brick57" to="." method="_on_gold"]
[connection signal="points" from="Brick57" to="." method="_on_points"]
[connection signal="effect" from="Brick58" to="." method="_on_effect"]
[connection signal="gold" from="Brick58" to="." method="_on_gold"]
[connection signal="points" from="Brick58" to="." method="_on_points"]
[connection signal="effect" from="Brick59" to="." method="_on_effect"]
[connection signal="gold" from="Brick59" to="." method="_on_gold"]
[connection signal="points" from="Brick59" to="." method="_on_points"]
[connection signal="effect" from="Brick60" to="." method="_on_effect"]
[connection signal="gold" from="Brick60" to="." method="_on_gold"]
[connection signal="points" from="Brick60" to="." method="_on_points"]
[connection signal="effect" from="Brick61" to="." method="_on_effect"]
[connection signal="gold" from="Brick61" to="." method="_on_gold"]
[connection signal="points" from="Brick61" to="." method="_on_points"]
[connection signal="effect" from="Brick62" to="." method="_on_effect"]
[connection signal="gold" from="Brick62" to="." method="_on_gold"]
[connection signal="points" from="Brick62" to="." method="_on_points"]
[connection signal="effect" from="Brick28" to="." method="_on_effect"]
[connection signal="gold" from="Brick28" to="." method="_on_gold"]
[connection signal="points" from="Brick28" to="." method="_on_points"]
[connection signal="effect" from="Brick29" to="." method="_on_effect"]
[connection signal="gold" from="Brick29" to="." method="_on_gold"]
[connection signal="points" from="Brick29" to="." method="_on_points"]
[connection signal="effect" from="Brick30" to="." method="_on_effect"]
[connection signal="gold" from="Brick30" to="." method="_on_gold"]
[connection signal="points" from="Brick30" to="." method="_on_points"]
[connection signal="effect" from="Brick31" to="." method="_on_effect"]
[connection signal="gold" from="Brick31" to="." method="_on_gold"]
[connection signal="points" from="Brick31" to="." method="_on_points"]
[connection signal="effect" from="Brick20" to="." method="_on_effect"]
[connection signal="gold" from="Brick20" to="." method="_on_gold"]
[connection signal="points" from="Brick20" to="." method="_on_points"]
[connection signal="effect" from="Brick4" to="." method="_on_effect"]
[connection signal="gold" from="Brick4" to="." method="_on_gold"]
[connection signal="points" from="Brick4" to="." method="_on_points"]
[connection signal="effect" from="Brick5" to="." method="_on_effect"]
[connection signal="gold" from="Brick5" to="." method="_on_gold"]
[connection signal="points" from="Brick5" to="." method="_on_points"]
[connection signal="effect" from="Brick6" to="." method="_on_effect"]
[connection signal="gold" from="Brick6" to="." method="_on_gold"]
[connection signal="points" from="Brick6" to="." method="_on_points"]
[connection signal="effect" from="Brick7" to="." method="_on_effect"]
[connection signal="gold" from="Brick7" to="." method="_on_gold"]
[connection signal="points" from="Brick7" to="." method="_on_points"]
[connection signal="effect" from="Brick8" to="." method="_on_effect"]
[connection signal="gold" from="Brick8" to="." method="_on_gold"]
[connection signal="points" from="Brick8" to="." method="_on_points"]
[connection signal="effect" from="Brick11" to="." method="_on_effect"]
[connection signal="gold" from="Brick11" to="." method="_on_gold"]
[connection signal="points" from="Brick11" to="." method="_on_points"]
[connection signal="effect" from="Brick12" to="." method="_on_effect"]
[connection signal="gold" from="Brick12" to="." method="_on_gold"]
[connection signal="points" from="Brick12" to="." method="_on_points"]
[connection signal="effect" from="Brick9" to="." method="_on_effect"]
[connection signal="gold" from="Brick9" to="." method="_on_gold"]
[connection signal="points" from="Brick9" to="." method="_on_points"]
[connection signal="effect" from="Brick10" to="." method="_on_effect"]
[connection signal="gold" from="Brick10" to="." method="_on_gold"]
[connection signal="points" from="Brick10" to="." method="_on_points"]
[connection signal="effect" from="GoldBrick" to="." method="_on_effect"]
[connection signal="gold" from="GoldBrick" to="." method="_on_gold"]
[connection signal="points" from="GoldBrick" to="." method="_on_points"]
[connection signal="effect" from="GoldBrick3" to="." method="_on_effect"]
[connection signal="gold" from="GoldBrick3" to="." method="_on_gold"]
[connection signal="points" from="GoldBrick3" to="." method="_on_points"]
[connection signal="effect" from="GoldBrick4" to="." method="_on_effect"]
[connection signal="gold" from="GoldBrick4" to="." method="_on_gold"]
[connection signal="points" from="GoldBrick4" to="." method="_on_points"]
[connection signal="effect" from="GoldBrick5" to="." method="_on_effect"]
[connection signal="gold" from="GoldBrick5" to="." method="_on_gold"]
[connection signal="points" from="GoldBrick5" to="." method="_on_points"]
[connection signal="effect" from="GoldBrick6" to="." method="_on_effect"]
[connection signal="gold" from="GoldBrick6" to="." method="_on_gold"]
[connection signal="points" from="GoldBrick6" to="." method="_on_points"]
[connection signal="effect" from="GoldBrick7" to="." method="_on_effect"]
[connection signal="gold" from="GoldBrick7" to="." method="_on_gold"]
[connection signal="points" from="GoldBrick7" to="." method="_on_points"]
[connection signal="effect" from="GoldBrick8" to="." method="_on_effect"]
[connection signal="gold" from="GoldBrick8" to="." method="_on_gold"]
[connection signal="points" from="GoldBrick8" to="." method="_on_points"]
[connection signal="effect" from="GoldBrick9" to="." method="_on_effect"]
[connection signal="gold" from="GoldBrick9" to="." method="_on_gold"]
[connection signal="points" from="GoldBrick9" to="." method="_on_points"]
[connection signal="effect" from="GoldBrick10" to="." method="_on_effect"]
[connection signal="gold" from="GoldBrick10" to="." method="_on_gold"]
[connection signal="points" from="GoldBrick10" to="." method="_on_points"]
[connection signal="effect" from="GoldBrick11" to="." method="_on_effect"]
[connection signal="gold" from="GoldBrick11" to="." method="_on_gold"]
[connection signal="points" from="GoldBrick11" to="." method="_on_points"]
[connection signal="effect" from="GoldBrick12" to="." method="_on_effect"]
[connection signal="gold" from="GoldBrick12" to="." method="_on_gold"]
[connection signal="points" from="GoldBrick12" to="." method="_on_points"]
[connection signal="effect" from="GoldBrick13" to="." method="_on_effect"]
[connection signal="gold" from="GoldBrick13" to="." method="_on_gold"]
[connection signal="points" from="GoldBrick13" to="." method="_on_points"]
[connection signal="effect" from="GoldBrick14" to="." method="_on_effect"]
[connection signal="gold" from="GoldBrick14" to="." method="_on_gold"]
[connection signal="points" from="GoldBrick14" to="." method="_on_points"]
[connection signal="effect" from="GoldBrick15" to="." method="_on_effect"]
[connection signal="gold" from="GoldBrick15" to="." method="_on_gold"]
[connection signal="points" from="GoldBrick15" to="." method="_on_points"]
[connection signal="effect" from="GoldBrick16" to="." method="_on_effect"]
[connection signal="gold" from="GoldBrick16" to="." method="_on_gold"]
[connection signal="points" from="GoldBrick16" to="." method="_on_points"]
[connection signal="effect" from="GoldBrick2" to="." method="_on_effect"]
[connection signal="gold" from="GoldBrick2" to="." method="_on_gold"]
[connection signal="points" from="GoldBrick2" to="." method="_on_points"]
[connection signal="effect" from="GrowBrick" to="." method="_on_effect"]
[connection signal="gold" from="GrowBrick" to="." method="_on_gold"]
[connection signal="points" from="GrowBrick" to="." method="_on_points"]
[connection signal="effect" from="GrowBrick5" to="." method="_on_effect"]
[connection signal="gold" from="GrowBrick5" to="." method="_on_gold"]
[connection signal="points" from="GrowBrick5" to="." method="_on_points"]
[connection signal="effect" from="GrowBrick6" to="." method="_on_effect"]
[connection signal="gold" from="GrowBrick6" to="." method="_on_gold"]
[connection signal="points" from="GrowBrick6" to="." method="_on_points"]
[connection signal="effect" from="GrowBrick2" to="." method="_on_effect"]
[connection signal="gold" from="GrowBrick2" to="." method="_on_gold"]
[connection signal="points" from="GrowBrick2" to="." method="_on_points"]
[connection signal="effect" from="GrowBrick3" to="." method="_on_effect"]
[connection signal="gold" from="GrowBrick3" to="." method="_on_gold"]
[connection signal="points" from="GrowBrick3" to="." method="_on_points"]
[connection signal="effect" from="GrowBrick4" to="." method="_on_effect"]
[connection signal="gold" from="GrowBrick4" to="." method="_on_gold"]
[connection signal="points" from="GrowBrick4" to="." method="_on_points"]
[connection signal="effect" from="ShrinkBrick" to="." method="_on_effect"]
[connection signal="gold" from="ShrinkBrick" to="." method="_on_gold"]
[connection signal="points" from="ShrinkBrick" to="." method="_on_points"]
[connection signal="effect" from="ShrinkBrick5" to="." method="_on_effect"]
[connection signal="gold" from="ShrinkBrick5" to="." method="_on_gold"]
[connection signal="points" from="ShrinkBrick5" to="." method="_on_points"]
[connection signal="effect" from="ShrinkBrick2" to="." method="_on_effect"]
[connection signal="gold" from="ShrinkBrick2" to="." method="_on_gold"]
[connection signal="points" from="ShrinkBrick2" to="." method="_on_points"]
[connection signal="effect" from="ShrinkBrick6" to="." method="_on_effect"]
[connection signal="gold" from="ShrinkBrick6" to="." method="_on_gold"]
[connection signal="points" from="ShrinkBrick6" to="." method="_on_points"]
[connection signal="effect" from="ShrinkBrick7" to="." method="_on_effect"]
[connection signal="gold" from="ShrinkBrick7" to="." method="_on_gold"]
[connection signal="points" from="ShrinkBrick7" to="." method="_on_points"]
[connection signal="effect" from="ShrinkBrick8" to="." method="_on_effect"]
[connection signal="gold" from="ShrinkBrick8" to="." method="_on_gold"]
[connection signal="points" from="ShrinkBrick8" to="." method="_on_points"]
[connection signal="effect" from="ShrinkBrick3" to="." method="_on_effect"]
[connection signal="gold" from="ShrinkBrick3" to="." method="_on_gold"]
[connection signal="points" from="ShrinkBrick3" to="." method="_on_points"]
[connection signal="effect" from="ShrinkBrick4" to="." method="_on_effect"]
[connection signal="gold" from="ShrinkBrick4" to="." method="_on_gold"]
[connection signal="points" from="ShrinkBrick4" to="." method="_on_points"]
