[gd_scene load_steps=11 format=3 uid="uid://x6tquke6m2j5"]

[ext_resource type="Script" path="res://src/scenes/commons/Controls.gd" id="1_twabn"]
[ext_resource type="PackedScene" uid="uid://b31m50da73voj" path="res://src/scenes/entities/bar/Bar.tscn" id="1_twfxq"]
[ext_resource type="PackedScene" uid="uid://mwp4fxfl3xu7" path="res://src/scenes/commons/Key.tscn" id="2_lk1sf"]
[ext_resource type="Texture2D" uid="uid://c2twfl2h825f8" path="res://src/assets/sprites/ui/Rotation.png" id="3_pc4u5"]
[ext_resource type="Theme" uid="uid://ciac3tt6mx3e6" path="res://src/assets/Label.tres" id="3_w253h"]
[ext_resource type="PackedScene" uid="uid://twfqwi4cg7io" path="res://src/scenes/entities/Ball.tscn" id="4_my6wo"]
[ext_resource type="Texture2D" uid="uid://bqdtoybtp7qow" path="res://src/assets/sprites/ui/Press.png" id="5_3psu4"]

[sub_resource type="Animation" id="Animation_jqit5"]
length = 0.001
tracks/0/type = "value"
tracks/0/imported = false
tracks/0/enabled = true
tracks/0/path = NodePath("Press1:scale")
tracks/0/interp = 1
tracks/0/loop_wrap = true
tracks/0/keys = {
"times": PackedFloat32Array(0),
"transitions": PackedFloat32Array(1),
"update": 0,
"values": [Vector2(0.4, 0.4)]
}
tracks/1/type = "value"
tracks/1/imported = false
tracks/1/enabled = true
tracks/1/path = NodePath("Press2:scale")
tracks/1/interp = 1
tracks/1/loop_wrap = true
tracks/1/keys = {
"times": PackedFloat32Array(0),
"transitions": PackedFloat32Array(1),
"update": 0,
"values": [Vector2(0.4, 0.4)]
}

[sub_resource type="Animation" id="Animation_me588"]
resource_name = "Wobbling"
length = 1.8
loop_mode = 2
tracks/0/type = "value"
tracks/0/imported = false
tracks/0/enabled = true
tracks/0/path = NodePath("Press1:scale")
tracks/0/interp = 2
tracks/0/loop_wrap = true
tracks/0/keys = {
"times": PackedFloat32Array(0, 1.8),
"transitions": PackedFloat32Array(1, 1),
"update": 0,
"values": [Vector2(0.35, 0.35), Vector2(0.45, 0.45)]
}
tracks/1/type = "value"
tracks/1/imported = false
tracks/1/enabled = true
tracks/1/path = NodePath("Press2:scale")
tracks/1/interp = 2
tracks/1/loop_wrap = true
tracks/1/keys = {
"times": PackedFloat32Array(0, 1.8),
"transitions": PackedFloat32Array(1, 1),
"update": 0,
"values": [Vector2(0.35, 0.35), Vector2(0.45, 0.45)]
}
tracks/2/type = "value"
tracks/2/imported = false
tracks/2/enabled = true
tracks/2/path = NodePath("Press3:scale")
tracks/2/interp = 2
tracks/2/loop_wrap = true
tracks/2/keys = {
"times": PackedFloat32Array(0, 1.8),
"transitions": PackedFloat32Array(1, 1),
"update": 0,
"values": [Vector2(0.35, 0.35), Vector2(0.45, 0.45)]
}
tracks/3/type = "value"
tracks/3/imported = false
tracks/3/enabled = true
tracks/3/path = NodePath("Press4:scale")
tracks/3/interp = 2
tracks/3/loop_wrap = true
tracks/3/keys = {
"times": PackedFloat32Array(0, 1.8),
"transitions": PackedFloat32Array(1, 1),
"update": 0,
"values": [Vector2(0.35, 0.35), Vector2(0.45, 0.45)]
}
tracks/4/type = "value"
tracks/4/imported = false
tracks/4/enabled = true
tracks/4/path = NodePath("Press5:scale")
tracks/4/interp = 2
tracks/4/loop_wrap = true
tracks/4/keys = {
"times": PackedFloat32Array(0, 1.8),
"transitions": PackedFloat32Array(1, 1),
"update": 0,
"values": [Vector2(0.35, 0.35), Vector2(0.45, 0.45)]
}
tracks/5/type = "value"
tracks/5/imported = false
tracks/5/enabled = true
tracks/5/path = NodePath("Press6:scale")
tracks/5/interp = 2
tracks/5/loop_wrap = true
tracks/5/keys = {
"times": PackedFloat32Array(0, 1.8),
"transitions": PackedFloat32Array(1, 1),
"update": 0,
"values": [Vector2(0.35, 0.35), Vector2(0.45, 0.45)]
}
tracks/6/type = "value"
tracks/6/imported = false
tracks/6/enabled = true
tracks/6/path = NodePath("Press7:scale")
tracks/6/interp = 2
tracks/6/loop_wrap = true
tracks/6/keys = {
"times": PackedFloat32Array(0, 1.8),
"transitions": PackedFloat32Array(1, 1),
"update": 0,
"values": [Vector2(0.35, 0.35), Vector2(0.45, 0.45)]
}

[sub_resource type="AnimationLibrary" id="AnimationLibrary_stwhq"]
_data = {
"RESET": SubResource("Animation_jqit5"),
"Wobbling": SubResource("Animation_me588")
}

[node name="Controls" type="Control"]
layout_mode = 3
anchors_preset = 15
anchor_right = 1.0
anchor_bottom = 1.0
grow_horizontal = 2
grow_vertical = 2
script = ExtResource("1_twabn")
metadata/_edit_lock_ = true

[node name="OnPC" type="Control" parent="."]
layout_mode = 1
anchors_preset = 15
anchor_right = 1.0
anchor_bottom = 1.0
grow_horizontal = 2
grow_vertical = 2
metadata/_edit_use_anchors_ = true
metadata/_edit_lock_ = true

[node name="Key" parent="OnPC" instance=ExtResource("2_lk1sf")]
layout_mode = 1
offset_left = 276.0
offset_top = 272.0
offset_right = 308.0
offset_bottom = 303.88
scale = Vector2(0.5, 0.5)
text = "Z"
arrow_rotation = -90.0

[node name="Key9" parent="OnPC" instance=ExtResource("2_lk1sf")]
layout_mode = 1
offset_left = 136.0
offset_top = 552.0
offset_right = 168.0
offset_bottom = 583.88
scale = Vector2(0.5, 0.5)
text = "Q"

[node name="TextureRect" type="TextureRect" parent="OnPC/Key9"]
layout_mode = 1
anchors_preset = -1
anchor_left = -0.125
anchor_top = -0.125
anchor_right = -0.125
anchor_bottom = -0.125
offset_top = -128.0
offset_right = 128.0
texture = ExtResource("3_pc4u5")
expand_mode = 2

[node name="Key10" parent="OnPC" instance=ExtResource("2_lk1sf")]
layout_mode = 1
offset_left = 1736.0
offset_top = 552.0
offset_right = 1768.0
offset_bottom = 583.88
scale = Vector2(0.5, 0.5)
text = "►"

[node name="TextureRect" type="TextureRect" parent="OnPC/Key10"]
layout_mode = 1
anchors_preset = -1
anchor_left = -0.125
anchor_top = -0.125
anchor_right = -0.125
anchor_bottom = -0.125
offset_top = -128.0
offset_right = 128.0
texture = ExtResource("3_pc4u5")
expand_mode = 2

[node name="Key2" parent="OnPC" instance=ExtResource("2_lk1sf")]
layout_mode = 1
offset_left = 276.0
offset_top = 760.0
offset_right = 308.0
offset_bottom = 791.88
scale = Vector2(0.5, 0.5)
text = "S"
arrow_rotation = 90.0

[node name="Key3" parent="OnPC" instance=ExtResource("2_lk1sf")]
layout_mode = 1
offset_left = 1596.0
offset_top = 272.0
offset_right = 1628.0
offset_bottom = 303.88
scale = Vector2(0.5, 0.5)
text = "▲"
arrow_rotation = -90.0

[node name="Key4" parent="OnPC" instance=ExtResource("2_lk1sf")]
layout_mode = 1
offset_left = 1596.0
offset_top = 760.0
offset_right = 1628.0
offset_bottom = 791.88
scale = Vector2(0.5, 0.5)
text = "▼"
arrow_rotation = 90.0

[node name="Label" type="Label" parent="OnPC"]
layout_mode = 0
offset_left = 784.0
offset_top = 864.0
offset_right = 1136.0
offset_bottom = 930.0
theme = ExtResource("3_w253h")
text = "Pause : "

[node name="Key5" parent="OnPC" instance=ExtResource("2_lk1sf")]
layout_mode = 1
offset_left = 968.0
offset_top = 880.0
offset_right = 1000.0
offset_bottom = 911.88
scale = Vector2(0.5, 0.5)
text = "ESC"
text_size = 0.75

[node name="Key6" parent="OnPC" instance=ExtResource("2_lk1sf")]
layout_mode = 1
offset_left = 1048.0
offset_top = 880.0
offset_right = 1080.0
offset_bottom = 911.88
scale = Vector2(0.5, 0.5)
text = "P"

[node name="Key7" parent="OnPC" instance=ExtResource("2_lk1sf")]
layout_mode = 1
offset_left = 456.0
offset_top = 648.0
offset_right = 488.0
offset_bottom = 679.88
scale = Vector2(0.5, 0.5)
text = "SPACE"
text_size = 0.75
arrow_rotation = 360.0

[node name="BG" parent="OnPC/Key7" index="0"]
offset_right = 168.0

[node name="Text" parent="OnPC/Key7" index="1"]
offset_right = 160.0
theme_override_font_sizes/font_size = 48
text = "SPACE"

[node name="Outline" parent="OnPC/Key7" index="2"]
points = PackedVector2Array(168, -8, 168, 104, -8, 104, -8, -8)

[node name="Arrow" parent="OnPC/Key7" index="3"]
visible = true
position = Vector2(80, 48)
rotation = 6.28319
points = PackedVector2Array(128, 0, 256, -0.00012207, 224, -24.0001, 224, 23.9999, 256, -0.00012207)

[node name="Key8" parent="OnPC" instance=ExtResource("2_lk1sf")]
layout_mode = 1
offset_left = 1384.0
offset_top = 648.0
offset_right = 1416.0
offset_bottom = 679.88
scale = Vector2(0.5, 0.5)
text = "ENTER"
text_size = 0.75
arrow_rotation = 180.0

[node name="BG" parent="OnPC/Key8" index="0"]
offset_right = 168.0

[node name="Text" parent="OnPC/Key8" index="1"]
offset_right = 160.0
theme_override_font_sizes/font_size = 48
text = "ENTER"

[node name="Outline" parent="OnPC/Key8" index="2"]
points = PackedVector2Array(168, -8, 168, 104, -8, 104, -8, -8)

[node name="Arrow" parent="OnPC/Key8" index="3"]
visible = true
position = Vector2(80, 48)
rotation = 3.14159
points = PackedVector2Array(128, 0, 256, 0, 224, -24, 224, 24, 256, 0)

[node name="OnMobile" type="Control" parent="."]
layout_mode = 1
anchors_preset = 15
anchor_right = 1.0
anchor_bottom = 1.0
grow_horizontal = 2
grow_vertical = 2
metadata/_edit_use_anchors_ = true
metadata/_edit_lock_ = true

[node name="Press1" type="Sprite2D" parent="OnMobile"]
position = Vector2(304, 144)
scale = Vector2(0.4, 0.4)
texture = ExtResource("5_3psu4")

[node name="Label1" type="Label" parent="OnMobile"]
layout_mode = 0
offset_left = 432.0
offset_top = 112.0
offset_right = 640.0
offset_bottom = 178.0
theme = ExtResource("3_w253h")
text = "Déplacer"

[node name="Press2" type="Sprite2D" parent="OnMobile"]
position = Vector2(304, 936)
scale = Vector2(0.4, 0.4)
texture = ExtResource("5_3psu4")

[node name="Label2" type="Label" parent="OnMobile"]
layout_mode = 0
offset_left = 432.0
offset_top = 904.0
offset_right = 640.0
offset_bottom = 970.0
theme = ExtResource("3_w253h")
text = "Déplacer"

[node name="Press3" type="Sprite2D" parent="OnMobile"]
position = Vector2(1616, 144)
scale = Vector2(0.354024, 0.354024)
texture = ExtResource("5_3psu4")

[node name="Label3" type="Label" parent="OnMobile"]
layout_mode = 0
offset_left = 1280.0
offset_top = 896.0
offset_right = 1488.0
offset_bottom = 962.0
theme = ExtResource("3_w253h")
text = "Déplacer"

[node name="Press4" type="Sprite2D" parent="OnMobile"]
position = Vector2(1616, 936)
scale = Vector2(0.354024, 0.354024)
texture = ExtResource("5_3psu4")

[node name="Label4" type="Label" parent="OnMobile"]
layout_mode = 0
offset_left = 1280.0
offset_top = 104.0
offset_right = 1488.0
offset_bottom = 170.0
theme = ExtResource("3_w253h")
text = "Déplacer"

[node name="Press5" type="Sprite2D" parent="OnMobile"]
position = Vector2(320, 544)
scale = Vector2(0.354024, 0.354024)
texture = ExtResource("5_3psu4")

[node name="Label5" type="Label" parent="OnMobile"]
layout_mode = 0
offset_left = 40.0
offset_top = 432.0
offset_right = 240.0
offset_bottom = 636.0
theme = ExtResource("3_w253h")
text = "Tirer, puis switcher"
autowrap_mode = 2

[node name="Press6" type="Sprite2D" parent="OnMobile"]
position = Vector2(1600, 544)
scale = Vector2(0.354024, 0.354024)
texture = ExtResource("5_3psu4")

[node name="Label6" type="Label" parent="OnMobile"]
layout_mode = 0
offset_left = 1712.0
offset_top = 432.0
offset_right = 1912.0
offset_bottom = 636.0
theme = ExtResource("3_w253h")
text = "Tirer, puis switcher"
autowrap_mode = 2

[node name="Press7" type="Sprite2D" parent="OnMobile"]
position = Vector2(960, 576)
scale = Vector2(0.354024, 0.354024)
texture = ExtResource("5_3psu4")

[node name="Label7" type="Label" parent="OnMobile"]
layout_mode = 0
offset_left = 856.0
offset_top = 688.0
offset_right = 1064.0
offset_bottom = 754.0
theme = ExtResource("3_w253h")
text = "Pause"
horizontal_alignment = 1
vertical_alignment = 1

[node name="AnimationPlayer" type="AnimationPlayer" parent="OnMobile"]
libraries = {
"": SubResource("AnimationLibrary_stwhq")
}
autoplay = "Wobbling"

[node name="Ball" parent="." instance=ExtResource("4_my6wo")]
position = Vector2(416, 672)
scale = Vector2(2, 2)
sleeping = true
freeze = true
linear_velocity = Vector2(-832, -1344)

[node name="Ball2" parent="." instance=ExtResource("4_my6wo")]
position = Vector2(1504, 672)
scale = Vector2(2, 2)
collision_mask = 23
sleeping = true
freeze = true
linear_velocity = Vector2(-3008, -1344)
player_id = 1

[node name="Bar" parent="." instance=ExtResource("1_twfxq")]
position = Vector2(320, 540)
scale = Vector2(2, 2)

[node name="Bar2" parent="." instance=ExtResource("1_twfxq")]
position = Vector2(1600, 540)
scale = Vector2(-2, 2)
player_id = 1

[editable path="OnPC/Key7"]
[editable path="OnPC/Key8"]
